3380 5346
928 427 993 493 114

357 634 397 678 ex
430 611 506 679 Her.
542 610 669 678 XVIII.
702 612 835 676 allatum
865 634 932 676 esse
963 612 1170 678 simillimum.
1205 610 1271 689 At,
1302 631 1380 696 9999
1409 610 1551 674 91191991

357 756 553 799 summorum
572 732 796 798 Valckenaerii
815 738 847 798 91
867 733 1053 798 Ruhnkenii
1073 734 1227 811 dixerim,
1240 753 1307 797 non
1318 731 1554 798 contemnenda

356 858 435 921 sunt
453 878 535 942 quae
555 856 665 920 attulit
682 855 888 920 Burmannus
912 858 950 919 ut
968 869 1129 943 praestat,
1154 856 1324 920 lectionem
1347 855 1383 918 in
1403 853 1551 918 omnibus

355 979 447 1044 codd.
472 978 642 1055 traditam,
665 980 817 1043 tueretur.
842 977 939 1042 Recte
962 978 1048 1043 euim
1072 978 1152 1042 dicit
1169 990 1332 1064 praestaro
1352 980 1389 1040 91
1407 979 1552 1063 etprae-

355 1103 422 1166 bera
445 1100 686 1166 beneuolentiae
708 1121 775 1165 9999
798 1101 950 1177 uerbum;
975 1102 1012 1163 ut
1034 1099 1130 1164 Trist.
1156 1103 1193 1163 11
1220 1099 1303 1165 235:
1325 1097 1393 1163 Nae
1412 1099 1468 1162 atti
1486 1121 1551 1162 aaa·

355 1225 491 1308 1199991,
518 1246 595 1310 qaae
614 1225 754 1308 99911199
777 1225 843 1287 otia
858 1234 1003 1309 praestas
1010 1248 1022 1298 ,⁰
1044 1221 1129 1286 itast
1153 1220 1210 1286 VI.
1233 1221 1319 1285 638:
1340 1219 1436 1284 Liuia
1457 1242 1551 1305 qaam

357 1345 584 1430 [concordiam]
604 1369 676 1410 acro
691 1347 852 1431 9199911111
869 1346 940 1431 ipsa
960 1346 1040 1409 uiro.
1060 1342 1102 1408 cf.
1123 1342 1279 1408 Gronouii
1300 1340 1468 1406 obstruat.
1491 1338 1551 1405 IV.

356 1467 387 1532 8.
411 1465 463 1531 Sic
487 1465 553 1530 Ibis
576 1488 623 1532 us.
649 1466 713 1530 111
738 1487 800 1551 sq.:

491 1586 560 1653 Neo
582 1609 617 1652 se
639 1586 822 1667 Vulcanus,
846 1609 906 1654 nec
929 1611 962 1653 se
984 1588 1045 1652 tibi
1067 1588 1221 1673 praebeat
1245 1588 1316 1652 9111

535 1708 603 1776 Nec
626 1710 688 1775 tibi
712 1713 767 1775 det
789 1710 885 1775 tellus
907 1731 966 1776 nec
988 1709 1049 1776 tibi
1072 1713 1190 1794 pontus
1212 1710 1291 1774 iter!

399 1831 521 1898 Eadem
541 1835 646 1896 autem
666 1833 786 1897 locutio
800 1845 964 1919 praestare
980 1833 1073 1898 911991
1095 1855 1210 1918 aequor
1232 1831 1409 1919 (pacatum)
1433 1829 1552 1914 legitur

354 1953 518 2020 119111.
544 1954 607 2019 747
634 1975 704 2038 sq.:

488 2074 579 2140 Tunc
601 2075 685 2140 iacet
707 2075 794 2139 unda
817 2075 922 2138 maris.
948 2077 1062 2140 uentos
1085 2074 1225 2139 custodit
1248 2077 1282 2140 91
1305 2078 1392 2139 91991

489 2196 606 2262 Aeolus
628 2217 773 2282 egressu,
799 2199 1003 2281 praestatque
1029 2196 1201 2282 nepotibus
1224 2216 1354 2281 aequor.

352 2318 393 2386 cf.
419 2341 458 2384 ex
480 2318 575 2385 Pont.
600 2318 643 2383 II.
669 2320 700 2385 9.
728 2320 790 2385 27:

488 2438 522 2506 si
544 2461 656 2525 pacem
679 2440 800 2505 nullum
823 2443 942 2526 pontus
966 2441 1046 2505 mihi
1068 2444 1209 2526 praestet
1232 2442 1332 2507 eunti.

395 2686 445 2752 Ex
474 2688 530 2754 illo
567 2691 674 2752 autem
704 2709 799 2753 uersu
830 2709 869 2752 ex
901 2687 996 2752 Pont.
1032 2687 1073 2751 II.
1105 2688 1136 2755 9.
1170 2688 1230 2771 27,
1254 2690 1292 2751 nt
1315 2688 1460 2767 uidetur,
1483 2689 1546 2752 iam

349 2809 427 2874 91119
449 2813 482 2875 91
506 2813 616 2875 999119
641 2810 711 2874 1999
734 2830 793 2894 919
817 2811 940 2874 amanti
962 2808 1014 2894 (91
1035 2812 1084 2873 est
1106 2809 1141 2873 in
1158 2809 1434 2896 1991999119
1456 2809 1545 2874 codd.

351 2927 397 2995 H.
421 2930 457 2995 F.
482 2955 527 3018 9⁷·
552 2955 571 2998 9
598 2930 724 2996 illatum
753 2934 801 2995 est
831 2933 932 3008 acati,
965 2931 1051 3015 9991
1074 2933 1107 2994 91
1129 2929 1282 2994 Heinsius
1306 2930 1465 3016 malebat,
1490 2930 1544 3017 qui

350 3051 541 3118 obseruabat
571 3052 736 3118 Phaonem
764 3052 827 3117 dici
850 3075 918 3117 non
942 3073 1033 3137 posse
1055 3056 1226 3116 amantem.
1251 3050 1297 3116 At
1319 3053 1445 3117 obicere
1468 3052 1547 3117 mihi

349 3173 444 3239 liceat
465 3174 649 3253 Phaonem,
674 3175 701 3240 si
724 3177 850 3253 191991,
872 3174 942 3259 1999
965 3175 1070 3240 reditu
1094 3174 1260 3239 ostendere
1286 3196 1319 3238 se
1342 3199 1467 3260 amar03
1496 3174 1543 3239 siu

349 3295 442 3361 aliter
467 3297 582 3381 »longe
605 3295 731 3381 fugeret
754 3294 992 3380 Sapphonem”.
1013 3293 1098 3371 Quin
1119 3299 1153 3359 91
1171 3295 1274 3380 ipsum
1295 3318 1444 3381 praesens
1463 3301 1544 3361 tem-

348 3441 409 3504 pus
430 3433 572 3508 praestat
596 3422 689 3484 docet
711 3418 883 3504 legendum
906 3440 973 3483 9999
996 3421 1134 3483 amanti:
1159 3439 1227 3483 non
1251 3419 1336 3484 enim
1359 3419 1394 3483 in
1415 3419 1544 3483 uniuer-

349 3564 419 3607 sum
450 3539 561 3606 Venus
592 3541 693 3605 991919
716 3543 834 3605 nautae
856 3541 978 3605 saluam
1005 3541 1079 3604 dare
1103 3540 1185 3605 solet
1207 3541 1466 3625 nauigationem,
1490 3540 1544 3606 sed

348 3663 387 3728 iis
418 3665 545 3728 tantum
574 3663 629 3747 qui
660 3662 722 3746 ipsi
752 3664 885 3747 parent,
908 3662 930 3726 i.
945 3685 973 3728 9.
996 3663 1182 3727 artantibus.
1206 3661 1311 3739 Quare
1334 3663 1454 3747 optimc
1478 3683 1544 3728 9999

348 3783 464 3849 habere
486 3783 656 3850 lectionem
680 3807 766 3850 mare
786 3797 930 3871 praestat
953 3788 1075 3850 amanti
1096 3806 1281 3870 persuasum
1304 3785 1416 3850 habeo.

392 3904 483 3981 Quod
505 3927 580 3971 9919
603 3906 721 3970 attinet
744 3907 784 3970 ad
806 3907 840 3971 id
859 3909 945 3991 quod
964 3907 1130 3992 proposuit
1152 3906 1332 3986 Baehrens,
1353 3908 1411 3973 11.
1433 3932 1465 3994 p.
1479 3910 1541 3974 66:

356 4026 456 4092 Vacua
487 4040 557 4093 orta
586 4031 671 4093 mari
692 4051 779 4093 mare
797 4041 958 4115 praestat,
984 4032 1070 4095 99911
1092 4028 1185 4094 Aura
1206 4031 1293 4094 dabit
1314 4054 1438 4094 carram
1462 4033 1541 4107 cet,

346 4148 562 4233 recipiendum
592 4149 626 4214 id
656 4170 723 4214 non
753 4171 820 4214 esse
849 4149 1002 4215 arhItror:
1027 4151 1238 4235 nequeenim
1261 4154 1452 4216 9991119919
1475 4172 1540 4216 esse

345 4271 517 4356 scriptum,
540 4293 643 4356 neque
667 4294 753 4336 mare
771 4284 916 4358 praestat
939 4271 984 4336 919
1008 4273 1094 4336 9919
1118 4273 1258 4356 positum
1279 4292 1372 4357 posse
1392 4271 1539 4348 tolerari,

342 4396 430 4479 quod
450 4393 591 4478 requirat
609 4393 716 4478 potius
736 4397 847 4458 aut-
860 4395 897 4457 91
915 4393 982 4477 1999
1001 4392 1163 4460 Baehrens
1186 4394 1311 4461 monuit
1340 4395 1540 4460 -additum

340 4515 469 4601 aliquod
513 4515 607 4600 quale
643 4517 716 4580 mita
750 4514 801 4579 991
831 4527 995 4601 pacatam,
1028 4519 1085 4579 aut
1120 4516 1266 4580 datiuum
1302 4517 1343 4580 ad
1375 4516 1539 4582 Phaonem

343 4639 559 4720 spectantem,
583 4640 620 4699 91
643 4634 788 4700 similiter
811 4639 860 4700 est
883 4636 918 4700 in
941 4636 1019 4702 locis
1043 4635 1209 4702 Ouidianis
1232 4659 1329 4723 supra
1352 4636 1509 4703 indicatis.
