3380 5346
866 297 911 362 84

336 479 418 548 (bum
436 504 483 547 us.
507 482 588 548 122:
610 519 652 530 -
677 501 801 546 neonae
821 500 942 545 socrus
961 501 1087 544 apsari
1106 501 1182 545 smv
1203 479 1245 546 of.
1258 478 1344 546 Bhst.
1357 478 1384 545 Ι.
1398 479 1483 544 408:

563 603 678 670 Altera
701 603 822 668 dissuto
846 607 957 688 pectus
981 607 1091 688 aperta
1115 603 1197 668 sinu

335 725 389 791 Vs.
418 727 491 791 123.
519 764 560 775 -
584 747 624 790 rc
649 746 772 790 sorsin
795 745 920 790 nosrss
946 747 1135 804 santerna,
1160 725 1201 791 cf.
1226 725 1304 790 Her.
1325 724 1402 790 VII.
1424 725 1486 788 26:

520 846 654 912 Aenean
680 849 787 912 animo
811 869 938 933 noxque
962 849 1091 933 diesque
1113 847 1221 912 refert.

293 969 370 1052 Her.
394 969 487 1035 VIIL
513 971 573 1035 66:
598 969 684 1035 Nam
707 974 744 1035 tu
768 991 839 1035 cum
863 991 976 1035 somno
999 992 1123 1056 semper
1144 970 1232 1035 abire
1256 969 1347 1035 solas.

341 1215 397 1281 Vs.
427 1216 501 1281 124.
525 1214 653 1280 Sonare
676 1235 825 1280 nonnoso
850 1235 1050 1280 caummose
1075 1235 1141 1278 orn.
1167 1214 1339 1299 Ingeniosa
1351 1213 1491 1278 adhunc

297 1359 345 1403 us.
370 1337 505 1401 adnotat
527 1336 703 1413 Baehrens,
730 1337 753 1400 l.
777 1336 798 1398 l.
824 1359 856 1422 p.
884 1336 944 1402 59:
970 1335 1104 1400 »Puella
1128 1335 1223 1399 bonis
1243 1335 1278 1399 in
1296 1333 1492 1401 amorefatis

298 1462 393 1523 utens
427 1458 632 1542 gaudensque
663 1458 762 1522 amati
793 1457 974 1542 praesentia
1004 1460 1043 1522 de
1072 1456 1212 1522 formoso
1243 1457 1294 1521 die
1326 1460 1359 1521 et
1389 1455 1494 1521 noctis

298 1580 432 1645 somniis
454 1579 692 1644 candidioribus
718 1583 804 1644 recte
827 1601 963 1664 uereque
986 1579 1145 1665 loquitur,
1172 1601 1239 1644 non
1261 1579 1338 1643 item
1363 1576 1493 1663 Sappho

300 1702 439 1781 deserta,
465 1700 516 1766 oui
538 1701 667 1766 breuem
691 1701 876 1766 felicitatem
896 1701 1054 1787 praebent
1073 1701 1224 1766 tenebrae
1235 1701 1411 1784 adimitque
1422 1722 1494 1764 rur·

302 1846 355 1888 sus
384 1823 432 1888 sol
462 1822 603 1900 rediens3
627 1822 666 1887 cf.
693 1846 724 1888 u.
751 1823 833 1888 135:
858 1837 893 1889 ot
916 1848 983 1889 curn
1007 1847 1037 1888 so
1066 1824 1159 1888 Titan
1182 1825 1315 1888 ostendit
1338 1835 1367 1886 ot
1390 1823 1495 1886 omnio

302 1969 419 2025 sorum,
446 1947 524 2010 Turn
546 1949 605 2010 cito
628 1969 676 2010 rno
698 1970 820 2011 somnos
842 1949 1014 2011 destituisse
1037 1969 1158 2033 queror.
1182 1944 1266 2010 Nam
1291 1945 1318 2008 si
1341 1943 1420 2008 uelis
1443 1964 1497 2008 ex·

303 2068 422 2153 plicare
450 2071 555 2152 'quam
587 2067 723 2151 quilibet
750 2067 909 2132 formosus
940 2067 1027 2145 dics',
1059 2088 1193 2131 acumen
1221 2065 1345 2130 nullum
1370 2069 1403 2131 et
1426 2088 1498 2130 sen-

305 2190 408 2253 tentia
430 2210 583 2275 perquam
605 2187 724 2272 frigida
747 2189 865 2256 adest”.
890 2188 1063 2274 Proposuit
1084 2188 1185 2274 igitur
1206 2187 1387 2253 Baehrens:

606 2308 738 2375 Somnia
760 2312 897 2377 nimboso
921 2311 1107 2374 candidiora
1130 2311 1191 2376 die.

321 2430 406 2506 ,flio
429 2432 621 2497 sententiam
644 2432 725 2497 effici
748 2432 849 2497 multo
874 2433 1037 2499 meliorem
1060 2455 1158 2518 quam
1181 2432 1208 2496 si
1231 2431 1500 2497 codicumlectio-

307 2579 380 2622 nem
408 2557 552 2643 formoso
584 2556 731 2620 retineas.
765 2554 817 2620 Ad
840 2556 925 2620 hano
948 2560 1055 2621 autem
1078 2556 1231 2621 tuendam
1253 2555 1374 2620 frustra
1397 2554 1503 2619 solent

309 2678 407 2743 citare
439 2678 575 2743 editores
606 2677 712 2742 locum
742 2679 874 2743 minime
906 2679 969 2743 huc
1001 2678 1188 2764 facientem,
1214 2677 1291 2742 Her.
1316 2676 1390 2742 XV.
1416 2675 1502 2742 318:

582 2797 756 2865 Candidior
779 2801 882 2865 medio
906 2823 971 2866 nox
994 2800 1055 2865 crit
1076 2800 1134 2865 illa
1157 2801 1218 2866 dic.

356 3043 414 3112 Vs.
447 3041 522 3108 125.
553 3043 646 3108 Iunio
678 3065 717 3108 rs
746 3064 882 3108 rnvsnro
920 3065 1061 3118 ovinius
1093 3045 1504 3112 ssorosrsvseusrs.1m-

313 3166 472 3252 pugnauit
500 3165 586 3230 hunc
618 3188 666 3232 us.
699 3166 818 3232 Theod.
849 3165 921 3230 Birt
945 3167 1028 3252 (loco
1051 3166 1116 3231 iam
1140 3168 1265 3253 saepius
1289 3168 1400 3255 citato)
1425 3188 1503 3232 oon-

312 3291 450 3354 tendens
480 3291 624 3376 quamuis
653 3291 825 3375 ropionibus
854 3291 935 3355 obsis
966 3289 1007 3354 ab
1029 3290 1191 3355 imitatore
1214 3291 1353 3374 quodam
1377 3295 1504 3356 desum·

313 3413 406 3495 ptum
438 3432 504 3475 esse
532 3432 550 3474 e
580 3409 658 3474 Met.
690 3409 769 3474 XII.
801 3411 863 3476 41:
894 3414 1037 3498 quamuis
1069 3415 1240 3498 ropionibus
1265 3415 1364 3491 obsit,
1387 3413 1506 3499 quippe

314 3531 370 3602 uhi
392 3531 525 3616 pluralis
548 3532 721 3617 ropionibus
743 3531 908 3616 proprium
932 3555 1024 3596 suum
1044 3533 1176 3598 haberet
1187 3557 1325 3600 sensum.
1338 3534 1385 3600 At
1396 3536 1506 3600 eodem

315 3675 443 3739 prorsus
478 3654 572 3720 modo
607 3675 671 3739 quo
704 3653 775 3733 hio,
811 3654 944 3738 pluralis
975 3655 1030 3720 ille
1064 3656 1182 3741 legitur
1215 3657 1293 3722 hlet.
1329 3657 1386 3724 VI.
1423 3658 1506 3723 459:

314 3799 509 3865 pronumque
554 3799 649 3863 ponus
698 3777 871 3863 ropionibus
921 3778 999 3856 illis,
1041 3777 1062 3841 i.
1100 3800 1127 3844 e.
1162 3779 1197 3843 in
1239 3780 1392 3860 Thracia,
1429 3780 1505 3845 Met

318 3899 360 3964 X.
398 3899 481 3963 306:
522 3895 675 3964 Gratulor
709 3900 778 3964 huic
814 3913 914 3964 terror
937 3903 1020 3986 quod
1037 3901 1120 3966 obest
1142 3904 1315 3988 ropionibus
1336 3904 1415 3981 iltis,
1439 3904 1461 3966 i.
1481 3925 1508 3969 c.

319 4020 359 4084 ab
385 4018 524 4101 Arabia,
557 4020 609 4085 uel
637 4020 743 4105 potius
766 4043 786 4085 a
809 4021 993 4101 Panchaea,
1021 4020 1156 4088 Arabiae
1178 4028 1279 4109 parte.
1306 4025 1360 4107 (cf.
1384 4047 1512 4112 quoque

319 4140 396 4207 Met.
420 4141 497 4207 VII.
521 4142 611 4228 223).

366 4263 513 4330 Ceterum
534 4287 631 4350 quarn
651 4265 694 4330 sit
712 4269 805 4331 caute
823 4265 1028 4331 iudicandum
1054 4268 1092 4332 de
1117 4268 1268 4354 pluralis,
1291 4271 1360 4336 sine
1383 4274 1512 4358 proprio

320 4388 387 4454 eius
417 4388 541 4454 numeri
573 4411 681 4466 sensu,
714 4389 799 4474 apud
828 4392 938 4474 poetas
962 4389 1095 4455 Latinos
1120 4414 1196 4472 usu,
1221 4394 1397 4460 luculenter
1420 4398 1514 4462 docet

321 4510 503 4594 Hultgren,
541 4513 590 4576 doio
630 4511 759 4576 lechnilr
789 4515 845 4576 dor
876 4535 969 4577 roem.
1001 4511 1133 4579 Dichter
1163 4517 1208 4579 im
1239 4517 1349 4603 episch.
1380 4542 1410 4583 u.
1442 4519 1515 4604 olop.
