3386 5346
756 362 798 428 39

212 543 338 628 *Vnum
369 547 406 608 ut
433 542 506 608 Am.
530 543 574 610 II.
601 545 630 608 7.
656 546 695 626 4,
720 548 779 609 cet.
805 545 846 608 cf.
871 543 1012 609 Gronov.
1038 544 1206 610 Obseruat.
1229 544 1288 611 IV.
1317 547 1371 614 11.

222 663 278 730 Vs.
315 665 347 732 5.
387 665 777 751 Foasrrns-uaovraus;
813 665 1050 731 coniunctiuum
1082 666 1258 750 recepimus
1297 688 1369 732 cum

176 787 283 854 Riosio
307 809 346 852 ex
364 789 416 874 f„
440 808 575 872 eumque
598 787 772 852 iudicatiuo
797 789 929 874 requiris
953 787 1003 850 uel
1028 789 1162 873 requires
1183 825 1217 836 -
1245 789 1283 851 ut
1300 787 1370 852 rell.

176 909 210 974 11.
230 908 387 993 praebent
405 908 547 994 plerique
562 947 601 957 —
615 908 839 994 praetulimus,
859 907 991 972 minime
1010 909 1118 972 tamen
1135 907 1286 974 facientes
1299 931 1370 974 cum

176 1032 235 1111 iis,
266 1031 340 1128 qui,
373 1033 410 1097 ut
431 1030 583 1096 Heinsius
606 1031 647 1095 ad
670 1030 745 1095 Her.
772 1030 828 1097 lV.
855 1031 913 1107 53,
932 1032 1074 1117 forsitan
1099 1052 1171 1095 eum
1195 1030 1371 1097 indicatiuo

177 1154 269 1238 iungi
299 1153 340 1218 ab
365 1152 480 1219 Ouidio
504 1157 635 1237 negant.
671 1152 756 1219 Nam
781 1157 817 1218 ut
841 1155 987 1218 omittam
1011 1175 1065 1218 eos
1090 1175 1215 1238 uersus,
1239 1154 1274 1218 in
1298 1155 1371 1239 qui·

178 1277 237 1340 bus
271 1297 334 1341 una
363 1279 489 1340 mutata
519 1276 627 1340 littera
650 1297 688 1340 ox
711 1275 886 1340 indicatiuo
911 1276 1133 1340 coniunctiuus
1155 1276 1208 1340 uel
1231 1299 1250 1340 a
1272 1276 1371 1341 libra·

177 1397 232 1463 riis
265 1397 317 1462 uel
344 1398 385 1462 ab
416 1398 590 1463 editoribus
621 1419 846 1485 saepenumero
877 1400 926 1464 est
946 1397 1068 1476 factus,
1093 1400 1271 1483 complures
1294 1403 1372 1465 sunt

176 1519 240 1584 loci
270 1518 326 1583 ubi
355 1518 549 1585 indicatiuus
578 1523 651 1604 post
677 1521 819 1606 forsitan
847 1520 1012 1585 manifeste
1035 1524 1084 1585 ost
1106 1521 1246 1605 positus,
1271 1522 1371 1587 ueluti

177 1639 253 1705 Her.
278 1638 322 1706 H.
348 1641 429 1706 103:

406 1800 447 1813 -
473 1763 590 1828 teiam
616 1766 703 1828 tenet
726 1764 827 1829 altera
850 1764 992 1828 coniunx
1014 1762 1163 1828 Forsitan
1192 1802 1232 1812 -

177 1905 216 1948 ex
239 1883 333 1950 Pont.
359 1884 420 1950 ΙΙΙ.
445 1887 475 1951 3.
501 1887 562 1951 33:
700 1885 848 1950 Forsitan
875 1924 915 1934 -
940 1887 1155 1950 comminuere
1181 1923 1222 1934 -

224 2002 341 2070 Omnia
362 2029 443 2091 quae
467 2008 551 2090 apud
571 2007 721 2071 Ouidium
746 2010 823 2072 sunt
846 2007 940 2071 huius
964 2008 1009 2072 rei
1033 2008 1177 2093 exempla
1200 2007 1372 2091 diligenter
1432 2049 1434 2055 -

177 2127 307 2212 collegit
329 2128 369 2193 A.
393 2128 506 2208 Kunz,
532 2130 570 2194 de
594 2129 687 2193 Ouid.
713 2129 825 2194 medic.
852 2128 962 2206 faciei,
986 2152 1019 2214 p.
1045 2129 1088 2194 54
1112 2150 1159 2213 sq.
1175 2127 1201 2216 1)

223 2271 371 2315 cursura
395 2271 538 2315 oscuras
562 2273 621 2336 pro
645 2253 719 2337 alepi
742 2254 780 2315 ut
801 2250 898 2315 Trist.
923 2249 984 2315 HI.
1011 2251 1037 2314 1.
1067 2249 1130 2315 ll:

339 2371 461 2438 Glouda
485 2374 571 2459 quod
595 2374 717 2438 alterno
741 2371 911 2438 subsidunt
934 2374 1076 2438 carmina
1095 2394 1199 2437 uersu.

177 2493 237 2561 111.
252 2495 282 2560 7.
298 2495 357 2559 10:
449 2494 600 2580 Aptaque
622 2496 656 2559 in
682 2495 823 2560 alternos
845 2516 959 2579 cogare
984 2495 1082 2560 uerba
1105 2495 1210 2579 pedes.

224 2615 281 2683 Vs.
307 2617 337 2682 7.
362 2615 513 2681 Francus
538 2637 628 2681 onoc
653 2637 737 2681 nnus
763 2637 820 2681 asu
845 2620 903 2682 eet.
931 2616 971 2682 of.
997 2616 1093 2681 Trist.
1119 2614 1160 2681 V.
1186 2616 1216 2680 1.
1243 2614 1281 2681 5:

314 2737 444 2804 Flebilis
468 2742 506 2802 ut
528 2742 637 2804 noster
660 2741 763 2804 status
786 2742 848 2824 est,
873 2739 920 2802 ita
943 2737 1048 2803 flebile
1071 2759 1217 2815 carmen,

360 2861 512 2926 Materiae
534 2861 653 2946 scripto
677 2861 888 2926 conueniente
910 2882 994 2927 suae.

177 2981 237 3046 Ill.
255 2983 357 3048 1.10:
383 2980 531 3047 Carmina
554 2983 752 3068 temporibus
776 2982 988 3047 conueniente
1012 2982 1096 3060 suis,

315 3102 436 3169 Olauda
459 3108 545 3188 quod
569 3105 692 3169 alterno
715 3107 775 3169 cat.

224 3224 452 3290 Difficultatcm
477 3230 581 3290 autem
604 3225 737 3311 praebet
759 3225 812 3290 hie
834 3250 881 3291 us.
908 3228 926 3291 7
949 3226 1026 3291 satis
1046 3246 1198 3310 magnam
1217 3225 1252 3290 in
1266 3226 1371 3310 uerbis

180 3367 276 3410 aanor
303 3368 442 3412 surana
467 3368 615 3432 clausu,
642 3351 678 3413 ut
699 3349 734 3412 in
758 3348 908 3414 omnibus
930 3348 996 3412 fere
1020 3348 1110 3412 codd.
1132 3352 1180 3412 est
1199 3348 1371 3412 traditum:

180 3469 266 3552 quod
296 3490 392 3553 quam
424 3492 570 3553 peruerse
602 3492 621 3534 a
651 3470 815 3534 nonnullis
838 3471 1011 3534 editoribus
1035 3491 1094 3553 pro
1117 3468 1258 3553 perfecto
1282 3468 1372 3533 uerbi

178 3591 285 3676 eliporo
309 3591 351 3655 sit
374 3595 541 3676 acceptum
563 3613 629 3656 non
653 3614 733 3678 opus
752 3595 850 3656 estut
863 3593 1086 3658 demonstrem.
1112 3589 1252 3655 Pessime
1263 3593 1372 3654 tamon

180 3733 246 3777 rem
282 3735 370 3778 suam
402 3714 468 3800 agit
494 3716 526 3801 s.
559 3715 675 3779 codicis
707 3716 843 3799 scriptor
872 3713 1041 3778 inserendo
1074 3735 1204 3800 quoquc,
1239 3710 1372 3776 uerbum

181 3855 275 3899 sensu
305 3834 358 3899 hic
389 3857 513 3914 carens,
545 3841 619 3921 post
648 3837 739 3920 alepi,
771 3858 830 3901 neo
861 3835 1004 3920 profecto
1034 3835 1147 3899 melius
1178 3834 1213 3899 in
1244 3834 1275 3898 b.
1308 3836 1371 3898 est:

180 3955 311 4042 elegique
335 3959 438 4046 flebile
460 3982 592 4024 carmon.
628 3959 753 4044 Eloquia
778 3958 830 4022 uel
855 3959 983 4042 Elapso,
1009 3959 1046 4021 ut
1070 3956 1175 4022 estin
1199 3955 1289 4021 libris
1313 3955 1372 4020 ali·

180 4083 260 4162 quot
281 4078 511 4144 recentioribus
530 4079 758 4156 substitutum,
779 4078 927 4162 placebat
946 4077 1048 4142 doctis
1069 4077 1147 4142 etin
1161 4077 1372 4142 recentiorum

181 4200 374 4265 editionibus
403 4222 502 4286 usquc
525 4200 674 4266 adhunc
697 4201 781 4265 diem
801 4199 950 4264 omnibus
973 4199 1100 4284 legitur.
1135 4197 1274 4283 Egregie
1297 4218 1373 4263 uero

216 4501 243 4566 1)
268 4502 303 4549 Dc
323 4498 434 4566 forsitan
459 4497 577 4564 particula
603 4500 627 4546 ct
649 4495 678 4545 ab
700 4495 754 4545 aliis
775 4496 852 4562 poetis
874 4510 929 4544 cum
946 4494 1065 4544 couiuuot.
1084 4497 1109 4544 et
1125 4493 1222 4544 iudicat.
1238 4490 1372 4561 promiscuo

182 4583 315 4635 consociata
331 4582 361 4633 cf.
380 4580 584 4647 Ioo,lObsoruat.
602 4579 657 4630 crit.
675 4581 703 4633 dc
720 4581 821 4632 &cocae
837 4581 899 4646 trag.
916 4595 940 4648 p.
959 4578 998 4630 63.
