3380 5346
749 424 812 488 139

184 632 257 675 cum
289 609 459 675 uerborum
490 609 713 675 emendatione
740 610 929 690 coniuncta,
953 616 1027 697 post
1050 611 1228 697 praeclaras
1250 612 1377 680 Heinsii

184 736 216 798 et
239 732 410 818 diligentes
433 731 612 797 Burmanni
637 752 727 798 curas
751 733 898 818 neglecta
921 733 987 800 fere
1011 735 1126 813 iacuit,
1151 736 1252 801 donec
1276 757 1377 821 nuper

182 856 310 920 demum
346 854 508 920 Baehrens
543 855 591 941 (in
628 856 898 921 commentatione
929 857 1054 943 saepius
1084 858 1149 922 iam
1181 858 1375 946 significata)

181 977 323 1042 ostendit
358 980 515 1062 quantum
550 977 625 1043 inde
659 977 798 1057 fruetus,
832 979 919 1043 uiam
944 979 971 1044 si
994 978 1214 1064 ingrediamur
1237 983 1372 1059 rectam,

181 1103 289 1184 posset
319 1100 507 1165 redundare.
543 1099 662 1176 Quodsi
691 1101 776 1166 enim
809 1101 990 1167 inuenimus
1014 1104 1169 1187 quaedam
1200 1104 1377 1170 insolenter

183 1220 268 1285 dicta
303 1221 354 1286 uel
389 1221 467 1286 mire
499 1243 665 1306 expressa,
695 1223 847 1288 iudicium
878 1227 986 1289 tamen
1018 1246 1057 1289 ex
1086 1224 1125 1290 iia
1157 1226 1195 1289 de
1219 1225 1374 1310 epistulae

184 1343 307 1428 origine
339 1344 440 1408 facere
472 1365 537 1408 non
566 1366 734 1429 possumus
758 1348 929 1431 antequam
952 1369 1137 1430 persuasum
1164 1347 1256 1413 uobis
1277 1347 1376 1414 habe-

184 1488 254 1530 mus
278 1465 323 1531 sic
346 1469 378 1531 et
402 1489 468 1532 non
492 1467 586 1532 aliter
609 1468 770 1552 scripsisse
792 1470 898 1554 ipsum
922 1472 1060 1554 poetam.

228 1587 319 1664 Quod
351 1591 457 1653 autem
489 1589 607 1654 attinet
637 1590 677 1654 ad
710 1593 811 1655 artem
834 1591 1018 1675 metricam,
1042 1591 1225 1677 inquirendi
1249 1591 1376 1657 ineam

182 1712 289 1795 partes
322 1710 383 1775 eibi
417 1714 626 1796 susceperunt
658 1710 869 1798 Esohenburg
901 1713 1078 1798 (Metrisctc
1108 1712 1376 1800 Untersactuapea

183 1833 272 1897 aeder
294 1835 343 1897 die
366 1831 525 1898 Aeettteit
549 1835 603 1898 der
626 1833 779 1900 Heroides
798 1838 849 1900 dea
872 1833 952 1900 Ouid
964 1832 990 1921 ¹)
1012 1837 1045 1900 et
1063 1834 1183 1900 Theod.
1196 1833 1267 1900 Birt
1278 1834 1375 1921 (Mus

182 1952 287 2018 Rhen.
321 1953 458 2019 XXXII.
491 1978 522 2041 p.
557 1956 622 2021 389
654 1959 747 2044 sqq.).
780 1956 921 2033 Quorum
952 1957 1007 2022 ille
1031 1957 1301 2042 comparationem
1323 1957 1375 2021 in-

183 2075 290 2141 stituit
321 2077 589 2141 accuratissimam
619 2078 705 2143 inter
735 2079 880 2163 singulas
910 2078 1086 2145 Heroidum
1119 2079 1269 2164 epistulas
1292 2081 1377 2144 cete-

182 2220 296 2283 rosque
316 2197 423 2263 Ouidii
442 2199 550 2264 libros.
572 2200 618 2265 Et
637 2223 760 2265 summa
780 2202 847 2266 eius
868 2201 1095 2286 disputationis
1107 2201 1170 2264 fuit
1181 2200 1216 2264 in
1230 2199 1377 2284 Sapphus

183 2319 334 2404 epistula,
372 2343 565 2406 quamquam
600 2344 637 2416 ea
668 2322 779 2388 ceteris
809 2323 845 2387 in
877 2323 972 2388 rebus
1003 2322 1142 2387 metricis
1174 2343 1246 2386 cum
1270 2320 1378 2386 Ouidii

184 2441 331 2526 genuinis
363 2443 507 2527 epistulis
532 2445 651 2529 optime
674 2445 858 2509 concineret
881 2443 956 2524 (uid.
983 2444 1248 2508 commentarium
1272 2465 1377 2509 meum

186 2566 226 2628 ad
249 2587 312 2629 uss.
341 2566 399 2644 19,
426 2567 488 2643 23,
513 2568 574 2645 43,
602 2566 662 2644 85,
689 2566 772 2645 103,
799 2567 882 2645 111,
917 2567 1013 2652 184),
1039 2566 1117 2630 duas
1141 2568 1250 2630 tamen
1272 2565 1376 2630 inesse

184 2708 235 2752 res
257 2709 338 2772 quae
362 2688 451 2753 nullo
474 2687 619 2773 exemplo
642 2698 774 2773 possent
797 2687 935 2755 defendi.
965 2687 1101 2752 Minime
1124 2687 1211 2752 enim
1234 2689 1319 2751 recte
1343 2707 1376 2751 se

184 2807 301 2874 habere
326 2832 452 2876 uersum
478 2811 540 2876 40:

366 2931 464 2998 Nulla
488 2933 598 2998 futura
619 2936 676 2998 tua
699 2933 764 3012 est,
789 2932 879 2997 nulla
903 2931 1011 2996 futura
1036 2934 1093 2995 tua
1117 2934 1165 2995 est

183 3054 218 3120 in
239 3076 303 3139 quo
327 3056 521 3140 pentametri
541 3059 647 3140 partes
666 3055 753 3141 prior
772 3059 804 3119 et
822 3053 980 3138 posterior
998 3056 1103 3119 essent
1123 3053 1219 3138 plane
1231 3053 1376 3131 eaedem3

184 3177 298 3241 deinde
321 3176 356 3241 in
381 3199 426 3242 us.
454 3175 516 3242 96:

366 3298 442 3364 Non
468 3303 504 3364 ut
528 3322 613 3365 ames
637 3321 710 3385 oro,
735 3321 844 3365 uerum
872 3302 909 3362 ut
932 3319 1038 3362 amare
1060 3298 1146 3363 sinas

184 3421 347 3487 elisionem
372 3420 514 3505 syllabae
535 3422 570 3486 in
594 3447 626 3486 m
649 3421 794 3487 exeuntis
816 3422 851 3486 in
875 3424 966 3506 parte
989 3420 1183 3506 pentametri
1203 3421 1377 3505 posteriore

182 3543 340 3623 inueniri,
366 3565 448 3628 quae
472 3544 512 3609 ab
537 3543 652 3609 Ouidio
676 3544 780 3609 aliena
803 3546 886 3609 esset
908 3543 1089 3609 iudicanda.

230 3664 310 3732 (lum
343 3688 419 3732 uero
452 3667 491 3731 de
521 3670 655 3751 utroque
678 3666 734 3730 illo
757 3688 851 3731 uersu
875 3666 909 3730 in
934 3664 1162 3731 commentario
1187 3665 1251 3730 iam
1276 3663 1376 3730 fusius

175 3765 321 3871 abarim,
347 3788 408 3854 hoc
432 3791 559 3853 tantum
583 3789 698 3854 addere
722 3788 818 3854 uelim
842 3788 942 3854 uideri
965 3786 1044 3852 mihi
1069 3809 1119 3852 me
1143 3787 1376 3852 demonstrasse

184 3909 218 3972 iu
243 3913 356 3975 neutro
379 3912 482 3977 inesse
504 3911 673 3996 quicquam
698 3914 784 3996 quod
808 3933 874 3976 non
898 3910 1186 3976 miseraecodicum
1199 3909 1378 3976 conditioni

185 4029 376 4095 tribueretur
395 4033 500 4116 potius
519 4055 614 4118 quarn
637 4035 675 4098 de
690 4033 839 4098 uniuersa
849 4032 986 4118 epistula
998 4032 1210 4116 suspicionem
1223 4035 1375 4097 moueret.

229 4150 304 4216 Alia
334 4153 489 4236 quaedam
520 4159 632 4220 contra
663 4154 825 4220 metricam
857 4158 958 4219 artem
982 4153 1117 4240 protulit
1141 4153 1257 4219 Theod.
1284 4152 1375 4229 Birt,

184 4273 228 4337 1.1.
255 4297 286 4358 p.
313 4274 378 4338 390
403 4278 436 4339 et
459 4277 535 4341 393.
560 4300 592 4343 n.
618 4279 656 4355 3,
680 4276 817 4342 seilicet:

184 4393 326 4460 »Versus
352 4395 416 4461 113
440 4397 615 4485 Postquam
639 4423 669 4465 se
693 4400 782 4465 dolor
804 4401 939 4478 inuenit,
965 4423 1016 4464 aee
1035 4411 1162 4488 pectora
1180 4398 1291 4486 planpi
1309 4418 1375 4461 non

220 4653 247 4724 1)
265 4655 349 4722 Progr.
370 4657 455 4724 Gymn.
474 4655 588 4708 Luebeok.
607 4656 679 4713 1874.
