3380 5346
869 355 933 420 124

516 539 542 605 0
575 561 634 604 nec
665 537 769 608 adhuc
801 538 944 616 iuuenis,
975 559 1034 603 nec
1061 537 1125 601 iam
1149 559 1229 622 puer
1252 539 1312 602 cet.

314 636 495 748 eremplum
519 662 647 727 uidetur
668 660 764 729 fuisse
787 660 909 726 Auson.
934 658 1085 725 Mosellae
1108 681 1156 726 us.
1184 659 1267 724 129:

392 783 454 861 Qui
486 785 621 849 necdum
655 783 781 859 Salmo,
814 805 871 849 nec
902 783 966 847 iam
999 781 1105 861 Salar,
1134 781 1365 866 ambiguusque
1390 819 1431 832 ·-·

315 909 403 995 quod
423 908 577 973 momenti
596 911 644 972 est
656 928 693 971 eo
706 905 833 970 maioris
845 905 920 990 quia
931 905 966 969 in
978 905 1048 989 ipso
1061 902 1194 968 Mosella
1205 903 1344 968 carmine
1357 901 1509 967 Ouidium

314 1034 363 1097 est
394 1031 539 1096 imitatus
565 1028 728 1094 Ausonius
750 1027 937 1113 praecipue:
958 1025 997 1092 cf.
1027 1028 1067 1090 A.
1092 1026 1257 1110 Zingerle,
1283 1027 1378 1092 liciae
1396 1025 1508 1113 philol.

313 1153 575 1237 Abtanduuqen,
598 1149 685 1216 Fasc.
712 1149 752 1216 Il.
778 1148 963 1235 (Oenipont.
990 1148 1090 1234 1877)
1112 1168 1187 1232 pag.
1215 1149 1266 1215 14.

316 1275 368 1342 Sic
391 1273 510 1360 Sapph.
535 1296 584 1360 ep.
609 1295 656 1338 us.
683 1274 743 1338 32:

543 1397 678 1482 Ingenio
700 1395 822 1460 formae
844 1397 962 1460 damna
985 1397 1114 1483 repende
1131 1391 1236 1479 me01)

315 1526 515 1607 comparetur
534 1542 606 1586 cum
624 1517 746 1584 Auson.
763 1516 849 1586 Prof.
874 1516 936 1582 111.
962 1517 1023 1582 31:
1049 1515 1159 1581 caduci
1181 1514 1322 1602 corporis
1346 1512 1511 1580 Damnum

315 1645 454 1732 repende
477 1643 590 1730 gloria.

362 1889 421 1954 His
451 1890 545 1954 rebus
569 1889 733 1973 perpensis
755 1889 820 1953 iam
845 1889 921 1953 satis
945 1888 1141 1952 confidenter
1163 1908 1329 1971 possumus
1353 1885 1512 1951 affirmare

316 2034 385 2078 eam
416 2011 584 2097 epistulam
615 2011 763 2096 Sapphus
794 2032 890 2096 quam
923 2032 1011 2075 nunc
1040 2010 1230 2088 habeamus,
1262 2030 1341 2074 saec.
1367 2007 1412 2072 IV
1436 2011 1513 2072 eta

317 2134 420 2198 Mario
443 2133 548 2199 Plotio
572 2132 640 2200 Sao.
666 2136 699 2198 et
722 2133 763 2197 ab
786 2131 931 2197 Ausonio
955 2134 992 2196 ut
1011 2131 1119 2197 Ouidii
1133 2152 1262 2196 carmen
1273 2129 1371 2196 fuise
1383 2130 1510 2195 lectam.

317 2255 460 2321 Vlterius
487 2277 559 2320 uero
583 2255 679 2320 etiam
698 2255 774 2320 licet
792 2255 951 2340 progredi.
975 2252 1202 2320 Demonstrare
1220 2254 1305 2318 enim
1326 2274 1418 2338 posse
1430 2253 1512 2318 mihi

317 2377 427 2442 uideor
446 2377 533 2442 illam
556 2377 713 2442 exstitisse
730 2377 793 2441 iam
806 2379 881 2442 ante
892 2375 1030 2441 Neronis
1043 2380 1188 2441 aetatem.
1201 2375 1347 2440 Efficitur
1358 2376 1391 2440 id
1404 2399 1421 2441 e
1433 2376 1512 2442 locis

316 2500 393 2566 satis
413 2500 522 2565 multis
534 2500 590 2564 ubi
601 2501 636 2564 in
648 2522 741 2565 usum
753 2522 844 2564 suum
856 2498 946 2562 illam
958 2498 1118 2563 conuertit
1129 2498 1264 2583 scriptor
1276 2495 1513 2562 Consolationis

316 2623 355 2686 ad
373 2621 507 2688 Liuiam.
529 2620 617 2697 Quae
635 2619 819 2686 Consolatio
838 2642 901 2706 quo
922 2624 1064 2705 tempore
1084 2621 1125 2685 sit
1142 2619 1260 2703 scripta
1276 2621 1422 2683 accurate
1434 2619 1513 2683 deli·

317 2744 386 2808 nire
406 2743 590 2829 perdifficile
610 2764 713 2828 neque
732 2741 826 2808 huius
845 2742 908 2808 looi
929 2745 995 2818 est3
1017 2743 1071 2807 sed
1090 2745 1164 2827 post
1183 2741 1346 2806 accuratas
1358 2739 1469 2805 Adleri
1483 2739 1511 2827 Ἰ)

317 2863 490 2950 Cruppii³)
529 2863 754 2951 Baehrensiil)
783 2865 918 2930 aliorum
950 2863 1185 2948 disquisitiones
1212 2862 1330 2927 nimiae
1361 2863 1512 2928 audaciae

316 2986 511 3050 ineusandus
534 2989 617 3050 certe
638 3006 705 3050 non
728 3006 798 3070 ero,
825 2986 851 3050 si
876 2988 950 3049 ante
974 2983 1111 3050 Neronis
1131 2985 1243 3050 saltem
1263 2982 1511 3049 aetatemfuisso

308 3129 386 3173 ream
408 3107 622 3192 conscriptam
641 3107 834 3172 contendero
846 3109 884 3194 ⁵).

362 3227 402 3292 ln
432 3229 489 3292 illa
519 3232 625 3292 autem
658 3227 884 3293 Consolatione
914 3231 954 3292 ad
980 3229 1102 3292 Liuiam
1126 3228 1304 3313 complures
1327 3252 1438 3295 uersus
1461 3232 1513 3294 tot

317 3353 349 3414 et
381 3351 489 3414 tantas
523 3349 644 3414 habent
671 3349 895 3414 similitudines
918 3371 989 3415 cum
1014 3350 1133 3436 Sapph.
1158 3373 1228 3436 ep„
1252 3354 1289 3416 ut
1313 3355 1351 3416 de
1374 3351 1511 3420 fortuito

351 3574 377 3638 1)
396 3573 458 3621 Vide
475 3572 639 3622 commentarii
656 3588 709 3637 pag.
728 3574 766 3621 50.

350 3655 378 3720 2)
396 3656 432 3703 De
450 3654 533 3703 Ouidii
550 3654 645 3703 Consul.
664 3655 693 3702 ad
710 3654 811 3703 Liuium.
833 3655 915 3719 Progr.
935 3656 1019 3720 Gymn.
1039 3655 1145 3705 Anclam.
1165 3656 1237 3703 1851.

352 3738 379 3803 3)
397 3738 428 3786 Iu
445 3739 523 3787 Aeaco
540 3754 564 3803 p.
583 3739 631 3787 159
649 3754 683 3803 sq.

351 3820 379 3885 4)
398 3821 464 3869 Post.
482 3821 534 3869 Lat.
554 3820 615 3869 Min.
634 3820 655 3868 Ι.
673 3837 695 3885 p,
714 3821 746 3870 96
764 3836 813 3885 sqq.

352 3903 379 3967 5)
398 3902 475 3951 Aliter
493 3902 583 3952 iudicat
601 3906 653 3968 post
672 3903 808 3968 Hauptium
827 3903 870 3967 (—
880 3903 945 3963 lilpio.
963 3905 1035 3952 Drue.
1054 3920 1108 3952 cum
1125 3919 1210 3954 comm.
1225 3905 1310 3969 Progr.
1328 3904 1510 3970 VniuersLips.

318 3986 434 4034 184⁹-
452 3985 505 4034 uiro
527 3985 620 4034 cuidam
638 3986 707 4034 docto
724 4001 781 4034 saec.
802 3986 846 4034 XV
863 4001 948 4050 poema
964 3985 1147 4048 adscribentem)
1166 3986 1292 4046 Huebuer,
1312 3987 1417 4036 Hermae
1436 3986 1511 4036 XllI.

319 4067 392 4119 1818.
418 4084 442 4133 p.
470 4067 517 4118 145
535 4083 593 4132 sqq,
612 4067 654 4132 qui
671 4071 741 4134 putat
759 4067 951 4117 consolationem
969 4083 1018 4116 esse
1036 4069 1149 4134 scriptam
1166 4084 1224 4117 saec.
1243 4085 1266 4134 p.
1286 4070 1343 4118 Chr.
1362 4085 1383 4118 n.
1403 4069 1511 4118 secundo.

318 4149 358 4214 (cf.
389 4150 531 4210 Buecheler,
556 4151 736 4214 Philolopiechc'
753 4151 849 4202 Krtts'lc.
870 4151 980 4210 Bonum,
1000 4152 1072 4204 1878.
1099 4168 1122 4217 p.
1150 4152 1202 4217 22).
1221 4154 1265 4201 Sed
1285 4153 1372 4202 uixisse
1389 4153 1439 4204 eius
1455 4151 1512 4200 scri·

317 4235 411 4298 ptorem
437 4240 491 4281 ante
517 4234 629 4281 Senecam
654 4232 772 4297 persuasit
789 4232 849 4282 mihi
867 4233 951 4291 Adler‚
971 4233 1004 4282 ll.
1023 4251 1046 4299 p.
1065 4235 1096 4282 18
1113 4250 1162 4298 sqq.
1183 4234 1290 4284 Statium
1307 4251 1402 4300 qnoque
1420 4251 1447 4284 ea
1464 4249 1512 4283 esse

318 4331 387 4364 usum
413 4315 494 4364 docuit
511 4316 538 4363 G.
558 4315 651 4370 huehr,
670 4315 698 4362 de
715 4314 792 4364 Statio
809 4314 835 4363 in
853 4314 928 4366 Siluis
944 4315 1053 4381 priorum
1070 4319 1195 4382 poetarum
1213 4318 1282 4366 Rom.
1299 4317 1422 4366 imitatore
1439 4317 1510 4378 (Dies.

317 4397 395 4461 inaug.
414 4397 553 4461 Regimont.
571 4397 648 4462 1880)
667 4413 690 4461 p.
709 4397 747 4450 51.

352 4480 378 4530 C.
397 4479 533 4528 Schenkclii
549 4478 735 4544 disputationem
752 4481 781 4528 de
804 4480 973 4531 Consolatione
990 4481 1099 4545 (Wiener
1115 4482 1217 4534 Studien
1235 4482 1270 4532 11.
1290 4498 1313 4549 p.
1326 4482 1358 4531 116
1375 4485 1437 4550 sqq.)
1455 4497 1511 4532 nan·

317 4559 375 4626 sisci
391 4575 430 4609 me
447 4576 495 4610 non
512 4559 615 4626 potuisse
632 4560 707 4610 doleo.
