3380 5346
891 367 955 432 144

378 545 469 622 Quod
493 550 599 612 autem
621 547 818 630 uituperauit
843 547 929 624 Birt,
954 548 1063 633 inepte
1087 549 1202 633 puellis
1226 550 1386 616 Lesbiacis
1411 553 1530 637 adponi

332 692 497 756 aequoreae
517 670 709 734 adiectiuum
730 670 790 755 (us.
818 670 911 755 199),
932 671 1123 754 respondere
1144 672 1261 755 possim
1274 672 1453 737 tollendum
1469 674 1530 740 hoc

270 849 272 853 ,
334 791 449 855 uitium
481 813 546 856 esse
571 793 748 856 mutatione
769 791 929 856 lenissima
952 791 1087 876 legendo
1112 817 1290 880 nequaeuue.
1317 794 1379 859 sed
1402 795 1529 860 etiamsi

332 913 366 977 id
398 913 565 978 admittere
596 913 753 990 nolueris,
785 912 846 977 hoc
877 913 956 977 mihi
987 916 1073 978 certo
1098 915 1214 980 certius
1239 919 1366 981 constat
1389 940 1427 982 ex
1451 918 1531 982 eius-

333 1033 420 1098 modi
451 1033 727 1099 obseruationibus
759 1073 802 1082 -
833 1034 1019 1119 praesertim
1051 1034 1086 1098 in
1118 1035 1232 1100 misera
1264 1036 1408 1101 codicum
1434 1037 1531 1101 huius

332 1155 485 1240 epistulae
498 1155 680 1220 conditione
692 1194 732 1204 —
742 1155 824 1220 nihil
837 1157 1008 1240 quicquam
1021 1178 1113 1240 posse
1124 1157 1214 1231 effici,
1228 1158 1289 1222 nisi
1301 1161 1338 1223 ut
1351 1160 1531 1224 statuamus

333 1281 455 1344 textum
478 1278 531 1343 hic
553 1278 619 1342 illic
642 1300 708 1343 esse
733 1281 928 1364 corruptum.
953 1277 1002 1343 Ex
1024 1280 1064 1344 iis
1083 1302 1159 1345 uero
1182 1280 1331 1364 colligere
1351 1281 1531 1366 totamepi·

331 1402 447 1465 stulam
480 1401 520 1465 ab
552 1399 666 1465 Ouidio
691 1423 758 1466 esse
778 1400 1040 1479 abiudicandam,
1064 1401 1126 1465 hoc
1150 1405 1198 1466 est
1221 1405 1342 1467 nodum
1367 1403 1531 1481 scindere,

333 1545 399 1588 non
431 1523 569 1601 soluere,
603 1545 706 1607 neque
736 1522 770 1586 id
800 1523 948 1607 cuiquam
980 1523 1041 1587 nisi
1071 1523 1295 1607 praeiudicatis
1326 1525 1532 1609 opinionibus

334 1645 486 1711 obstricto
511 1648 617 1731 potest
640 1645 780 1730 probari.

379 1890 439 1956 Sed
470 1912 545 1976 prae
578 1889 727 1955 omnibus
749 1889 813 1954 illis
838 1912 920 1974 quae
942 1894 1055 1956 contra
1079 1889 1140 1956 hoc
1164 1913 1291 1956 carmen
1316 1891 1441 1977 prolata
1466 1893 1532 1958 iam

332 1988 603 2091 enumerauimus,
637 2035 678 2077 ne
709 2011 827 2076 iniuste
859 2013 1001 2077 sinamus
1029 2013 1190 2077 obscurari
1223 2036 1304 2098 quae
1327 2018 1433 2093 recta,
1458 2017 1532 2101 pul-

332 2159 403 2215 cra,
428 2158 502 2201 uere
527 2134 687 2200 Ouidiana
710 2135 862 2199 continet.
889 2133 933 2198 Et
952 2138 988 2199 ut
1010 2135 1087 2219 quid
1111 2136 1247 2200 sentiam
1270 2136 1368 2202 libere
1381 2139 1530 2223 eloquar,

331 2258 452 2343 legenti
484 2258 563 2322 mihi
595 2257 718 2341 saepius
747 2279 812 2322 uno
845 2260 955 2322 tencre
987 2256 1094 2322 Ouidii
1123 2258 1295 2342 Heroides,
1320 2261 1429 2325 statim
1454 2284 1531 2327 uero

332 2383 406 2466 post
428 2402 480 2444 eas
504 2379 651 2464 Sapphus
674 2379 837 2458 libellum,
862 2379 954 2464 quasi
977 2383 1091 2465 sponte
1115 2380 1206 2445 uenit
1228 2381 1261 2446 in
1287 2386 1428 2447 mentem
1448 2383 1532 2448 illud

334 2501 403 2566 »Vc
432 2500 527 2565 titulo
561 2521 683 2577 careas,
707 2500 776 2584 ipso
802 2521 931 2565 noscere
956 2501 1091 2566 colore”.
1119 2500 1211 2567 Certe
1231 2525 1303 2567 cum
1323 2501 1431 2567 Ouidii
1451 2503 1531 2590 Epi-

334 2622 426 2688 stulis
445 2621 565 2707 optime
585 2622 785 2686 conueniunt
800 2625 832 2686 et
844 2622 1009 2686 scribentis
1023 2644 1146 2687 morum
1158 2624 1345 2708 ingeniique
1358 2625 1531 2710 descriptio

334 2749 382 2823 et,
416 2767 497 2829 quae
520 2744 572 2808 hic
595 2743 661 2808 illic
686 2747 836 2827 apparet,
861 2743 983 2808 ironica
1007 2744 1161 2828 quaedam
1185 2744 1341 2828 propositi
1366 2747 1529 2811 tractandi

333 2867 425 2930 ratic.
457 2865 501 2929 Et
531 2865 644 2930 insunt
674 2863 818 2949 profecto
849 2864 884 2928 in
909 2886 945 2928 co
979 2865 1130 2949 opusculo
1154 2866 1284 2950 plurimi
1308 2869 1342 2931 et
1365 2889 1475 2932 uersus
1500 2871 1533 2933 et

335 2988 488 3053 dictiones
512 2991 578 3051 tam
602 2987 768 3073 ingeniose
792 2986 992 3070 excogitatae
1014 2991 1142 3071 tamque
1166 2988 1270 3072 lepide
1295 3011 1474 3074 expressae,
1496 2996 1534 3056 ut

335 3109 386 3175 nel
411 3132 449 3174 ex
472 3109 522 3174 his
546 3109 621 3175 solis
645 3109 746 3192 ipsius
769 3107 876 3173 Ouidii
901 3130 1030 3172 manum
1058 3108 1189 3192 agnosci
1212 3107 1298 3173 haud
1323 3111 1441 3175 iniuria
1453 3132 1533 3176 con-

335 3235 466 3297 tendere
499 3231 680 3306 audeamus.
706 3229 791 3295 Nolo
815 3229 868 3293 hic
891 3232 1032 3314 repetere
1054 3229 1153 3294 totius
1178 3231 1332 3314 epistulae
1357 3232 1532 3297 sententia-

336 3376 407 3419 rum
442 3353 586 3418 ordinem
623 3357 654 3417 et
688 3351 843 3418 orationis
883 3373 1029 3428 cursum,
1069 3351 1124 3436 qni
1162 3374 1291 3436 prorsus
1324 3357 1401 3418 sunt
1433 3355 1530 3420 moris

336 3477 485 3543 Ouidiani
527 3515 567 3526 —
607 3479 682 3562 post
719 3477 898 3540 accuratam
929 3475 1015 3538 enim
1046 3474 1112 3538 eius
1143 3475 1405 3560 explicationem,
1437 3499 1533 3561 qnam

337 3600 425 3664 dedit
453 3597 648 3663 Bodenstein
678 3597 712 3660 in
743 3596 825 3661 libro
860 3595 985 3680 saepius
1015 3595 1078 3660 iam
1109 3596 1290 3680 significato
1315 3599 1350 3682 (p
1387 3598 1533 3682 9sqq.),

337 3720 419 3785 nihil
441 3721 505 3785 iam
527 3741 653 3804 possem
676 3719 779 3783 facere
804 3718 864 3782 nisi
889 3721 925 3782 ut
948 3717 1062 3783 Latine
1086 3718 1249 3782 redderem
1273 3741 1355 3825 quae
1377 3719 1535 3784 illedixit

337 3840 583 3928 Germanice1);
610 3879 650 3889 -
677 3840 789 3924 atqui
813 3842 944 3904 tandem
971 3839 1100 3924 »inepto
1125 3839 1249 3904 cuidam
1273 3839 1451 3905 imitatori”
1476 3841 1533 3906 tri-

336 3963 470 4028 buamus
501 3966 627 4028 tantam
650 3964 683 4026 et
705 3961 750 4025 rei
773 3961 915 4045 poeticae
940 3961 1086 4025 notitiam
1108 3963 1141 4025 et
1164 3961 1247 4038 stili,
1272 3984 1335 4046 quo
1355 3962 1531 4027 excellebat

338 4083 487 4163 Ouidius,
520 4084 687 4170 peritiam,
717 4085 755 4148 ut
776 4082 895 4147 feceret
923 4080 1004 4147 tales
1036 4103 1144 4146 uersus
1168 4084 1276 4166 quales
1300 4086 1378 4148 sunt
1402 4083 1442 4148 51
1468 4104 1533 4169 sq.:

371 4363 399 4428 1)
417 4362 514 4427 Optime
540 4375 633 4424 quoqne
658 4358 733 4407 totius
758 4357 870 4408 carminis
896 4356 1020 4422 dispositio
1045 4361 1124 4422 potest
1150 4357 1284 4423 comparari
1310 4374 1364 4407 cum
1381 4357 1411 4406 iis
1429 4375 1489 4423 quae
1506 4359 1534 4406 de

336 4446 472 4496 Heroidnm
494 4459 579 4509 genere
599 4442 624 4491 in
650 4441 789 4491 uniuersum
811 4441 870 4490 dicit
893 4443 923 4490 Δ.
951 4440 1050 4489 Hcdner
1075 4440 1100 4489 in
1127 4441 1199 4491 libro:
1232 4439 1369 4501 »Tibullum
1394 4441 1534 4506 Propertius

336 4533 360 4578 et
392 4528 495 4577 Ouidius
525 4524 650 4590 Elegiacee
682 4523 744 4588 apud
775 4525 895 4573 Romanos
921 4523 1021 4572 Poeeos
1046 4522 1206 4573 Trinmniri’⁸.
1232 4525 1299 4589 Spec.
1326 4525 1398 4574 Acad.
1424 4525 1533 4584 Laudas,

336 4611 410 4661 1841.
427 4626 451 4675 p.
471 4610 493 4660 e.
