3380 5346
886 405 950 472 138

319 591 485 678 Erinnys).
510 587 591 655 Cum
616 593 725 654 tamen
749 589 873 653 nullum
898 588 985 652 aliud
1007 587 1082 651 tulis
1106 587 1215 673 Dryas
1237 587 1409 672 uestigium
1430 589 1515 672 apud

319 712 490 797 scriptores
530 712 680 797 antiquos
714 711 903 796 repererim,
937 709 1021 774 banc
1055 709 1184 794 quidem
1220 730 1287 772 rem
1320 708 1356 773 iu
1390 710 1514 775 incerto

318 833 498 919 relinquere
522 833 623 898 tutius
645 833 780 899 uidetur.

812 1492 956 1557 CAPVT
980 1492 1020 1557 V.

366 1691 428 1758 Sed
450 1693 515 1756 iam
538 1694 640 1777 ipsam
663 1693 832 1778 epistulam
856 1693 1033 1757 accuratius
1055 1714 1313 1778 percenseamus,
1336 1695 1370 1757 et
1388 1694 1515 1778 praeiu-

320 1815 435 1879 dicatis
466 1814 672 1899 opinionibus
701 1815 794 1879 liberi
823 1815 1057 1880 consideremus
1087 1836 1170 1899 quae
1199 1837 1239 1879 ex
1268 1814 1355 1880 illius
1386 1815 1514 1881 interno

319 1957 415 2020 quem
450 1938 571 2001 uocant
603 1936 717 2001 habitu
752 1939 943 2022 argumenta
976 1937 1054 2001 satis
1087 1935 1181 2000 firma
1213 1937 1340 2022 possint
1382 1937 1449 2022 peti
1479 1941 1517 2004 ut

321 2057 481 2123 Ouidiana
504 2059 571 2124 eius
595 2059 685 2144 origo
707 2060 777 2124 iure
799 2059 905 2144 aliquo
929 2059 981 2123 uel
1005 2057 1180 2123 affirmetur
1202 2059 1254 2122 uel
1277 2063 1421 2144 negetur.
1446 2059 1516 2137 Qua

321 2180 356 2244 in
392 2202 426 2245 re
455 2182 729 2266 praemonendum
759 2182 870 2267 utique
900 2184 950 2246 est
972 2183 1120 2246 cautione
1143 2185 1176 2246 at
1197 2182 1369 2266 prudentia
1391 2205 1516 2248 summa

321 2324 388 2366 esse
422 2324 512 2388 opus.
543 2301 672 2368 Etenim
704 2326 775 2368 cum
796 2307 917 2368 ceterae
940 2303 1117 2368 Heroidum
1140 2303 1310 2388 epistulae,
1333 2326 1413 2389 quas
1436 2305 1515 2390 quin

321 2425 482 2510 scripserit
504 2424 638 2491 Ouidius
662 2447 728 2490 non
751 2428 800 2490 est
824 2425 973 2503 dubium,
995 2425 1169 2489 traduntur
1187 2426 1280 2490 nobis
1299 2426 1336 2489 in
1355 2426 1516 2491 codicibus

321 2547 415 2612 bonis
447 2552 480 2612 et
511 2549 667 2634 antiquis,
700 2570 738 2613 ex
763 2549 879 2634 quibus
902 2551 965 2612 duo
990 2550 1083 2635 (saec.
1108 2548 1159 2614 IX
1182 2553 1214 2613 et
1237 2548 1271 2613 X
1293 2549 1391 2636 init),
1416 2553 1516 2614 »sunt

321 2669 406 2734 inter
436 2671 744 2754 praestantissimos,
777 2671 834 2756 qui
865 2692 1000 2755 usquam
1031 2674 1125 2749 sunt,
1156 2673 1299 2736 ueterum
1324 2671 1515 2756 scriptorum

321 2793 441 2857 libros”
456 2791 493 2879 1),
528 2794 575 2858 ita
609 2797 646 2857 ut
677 2794 818 2879 genuina
848 2797 960 2879 poetae
992 2816 1105 2858 manus
1128 2794 1288 2878 plerisque
1309 2793 1386 2858 locis
1411 2793 1514 2878 possit

321 2915 514 3000 deprehendi
537 2916 614 2981 satis
637 2920 722 2982 certe
736 2916 887 3002 —longe
905 2916 999 2981 aliter
1015 2917 1123 3002 agitur
1142 2917 1181 2981 de
1200 2916 1337 3001 epistula
1356 2916 1515 3003 Sapphus.

321 3038 419 3104 Cuius
453 3041 709 3125 antiquissimum
748 3041 911 3127 exemplar
947 3062 1020 3105 cum
1056 3040 1099 3104 sit
1135 3039 1239 3104 tribus
1277 3039 1329 3103 uel
1363 3041 1517 3124 quattuor

321 3162 454 3228 merulis
495 3164 652 3229 recentius
686 3186 783 3250 quam
819 3168 994 3229 ceterarum
1029 3162 1206 3227 Heroidum
1241 3162 1364 3227 codices
1400 3162 1516 3246 optimi

322 3285 439 3370 (neque
470 3285 555 3348 enim
587 3283 746 3370 Excerpta
769 3284 825 3350 illa
847 3285 993 3350 Parisina
1016 3285 1056 3348 ad
1079 3282 1163 3348 banc
1187 3284 1313 3369 quidem
1339 3306 1406 3348 rem
1431 3284 1515 3349 mul-

321 3411 391 3470 tum
425 3405 628 3493 conferunt),
661 3410 783 3472 textum
814 3406 968 3472 exhibent
1001 3406 1124 3472 codices
1154 3407 1247 3472 nobis
1277 3407 1347 3471 noti
1377 3408 1411 3471 et
1444 3428 1515 3471 cor-

321 3532 451 3613 ruptum
489 3531 522 3593 et
552 3528 798 3614 interpolatum,
829 3529 876 3593 ita
906 3531 944 3593 ut
965 3551 1191 3614 nonnusquam
1215 3528 1391 3607 dubitatio,
1414 3528 1513 3593 immo

321 3650 458 3734 suspicio
492 3650 603 3715 lectori
634 3650 773 3728 oriatur,
802 3651 836 3714 id
867 3651 952 3734 quod
984 3672 1077 3715 nemo
1101 3648 1243 3734 profecto
1267 3649 1437 3715 mirabitur
1459 3650 1515 3734 qui

322 3793 371 3836 ex.
396 3793 443 3856 gr.
468 3771 645 3837 Heroidum
669 3770 757 3838 MSS.
784 3771 1012 3857 antiquissimis
1035 3775 1067 3836 et
1090 3771 1147 3850 iis,
1168 3794 1248 3857 quae
1260 3737 1518 3837 lhancoiurtado

323 3895 432 3958 nostro
463 3896 540 3957 sunt
569 3894 731 3979 aequalia,
756 3895 897 3959 intense
920 3894 1112 3978 comparatis
1135 3894 1330 3959 intellexerit
1352 3917 1449 3979 quam
1472 3895 1515 3960 sit

322 4014 387 4078 late
408 4019 553 4100 grassata
575 4016 615 4080 iis
638 4016 837 4100 temporibus
855 4015 1059 4082 librariorum
1079 4015 1226 4080 mutandi
1245 4020 1278 4081 et
1296 4016 1513 4102 interpolandi

321 4136 430 4203 libido.
464 4136 568 4213 Quare
598 4137 771 4203 dolendum
804 4158 996 4222 magnopere
1028 4141 1076 4201 est
1106 4140 1191 4222 quod
1216 4140 1265 4202 tot
1288 4143 1321 4202 et
1343 4142 1411 4203 tam
1434 4139 1515 4205 acris

322 4258 432 4323 iudicii
456 4259 517 4323 uiri
542 4262 580 4323 de
604 4260 809 4324 emendandis
834 4257 940 4323 Ouidii
965 4259 1110 4344 epistulis
1134 4261 1261 4345 egregie
1285 4261 1408 4346 meriti,
1431 4262 1515 4327 hanc

322 4379 489 4463 epistulam
525 4380 712 4466 plerumque
746 4379 967 4466 neglexerunt.
1000 4378 1097 4446 Cuius
1128 4380 1229 4467 igitur
1257 4382 1343 4447 iusta
1374 4383 1514 4449 recensio

358 4633 385 4698 l)
403 4631 439 4682 Ol.
460 4631 556 4683 Merkel
573 4631 600 4682 in
616 4631 674 4681 edit.
692 4630 763 4680 Ouid.
783 4629 897 4680 Teubner.
915 4629 937 4680 1.
956 4646 980 4700 p.
998 4629 1041 4682 vl.
