3386 5346
731 387 784 472 ‘eo

168 592 333 675 pugnatus
367 592 415 655 est
451 591 612 656 ablatiuus
643 589 751 676 Arabo
782 613 840 677 pro
872 592 994 676 Arabe,
1019 595 1056 657 ub
1079 592 1189 656 multis
1216 591 1368 677 exemplis

167 711 280 776 docuit
303 712 468 790 Heinsius3
492 711 531 779 cf.
558 710 721 778 Charisius
746 712 773 779 Ι.
800 712 920 791 9911.
945 711 1055 791 Neue,
1081 714 1184 779 lituu
1210 712 1366 780 Fornacal.

166 831 210 898 1⁹.
244 854 318 919 pag.
354 835 436 920 1343
472 836 558 919 3233
586 838 619 899 et
642 835 720 901 olere
744 857 816 900 cum
841 857 916 900 casu
940 834 1081 899 ablaiiuo
1105 837 1191 899 recte
1214 834 1369 918 coniungi

167 960 294 1022 constal
325 957 376 1022 uel
410 979 427 1022 e
458 957 535 1022 Met.
570 956 612 1022 V.
638 957 721 1022 405:
753 958 866 1023 abania
889 957 1035 1045 sulphure
1058 970 1187 1042 stupam
1221 955 1369 1040 quamuis

167 1079 371 1165 improbante
394 1079 550 1144 Diomede
573 1078 599 1142 Ι.
626 1080 691 1144 319
715 1077 755 1144 Κ.
780 1077 830 1144 Of.
856 1077 1009 1144 Heinsius
1033 1078 1074 1142 ad
1093 1077 1126 1146 h.
1140 1077 1161 1142 l.
1183 1080 1216 1142 ei
1234 1079 1277 1142 ad
1289 1076 1367 1142 Mei.

168 1199 190 1266 l.
215 1200 235 1264 l.
264 1238 305 1249 -
336 1199 483 1285 Denique
514 1199 642 1266 Arabus
684 1224 736 1266 ros
774 1222 833 1286 pro
872 1201 1002 1287 myrris
1032 1199 1084 1264 uel
1123 1203 1223 1265 nardo
1253 1201 1302 1264 est
1332 1201 1370 1262 ut

168 1318 285 1386 Tibull.
310 1321 372 1386 III.
398 1322 429 1388 4.
456 1322 513 1388 28:
542 1323 690 1389 sedabat
714 1322 807 1408 Syrio
829 1335 951 1410 myrtea
974 1345 1045 1388 rore
1067 1345 1173 1406 coma,
1198 1344 1228 1387 u.
1250 1319 1368 1407 Algen-

168 1443 303 1522 missen,
327 1441 467 1518 Quaerit.
495 1443 586 1508 Ouid.
614 1444 684 1511 crib.
699 1439 725 1530 ¹)
751 1467 782 1529 p.
809 1444 849 1508 11
876 1447 908 1508 ei
931 1441 1082 1508 Heinsius
1107 1443 1147 1507 ad
1170 1442 1202 1506 h.
1229 1463 1275 1506 us.

214 1562 359 1629 Arabum
380 1567 460 1630 donc
481 1567 589 1630 autem
610 1568 775 1651 comparui
794 1563 948 1630 Heinsius
969 1586 1041 1630 oum
1062 1563 1135 1630 Seu.
1152 1562 1268 1648 Agam.
1282 1564 1367 1628 806:

168 1684 371 1774 Arabumque
396 1681 505 1772 donia,
530 1688 666 1775 supplice
691 1700 720 1752 el
737 1690 821 1772 fibra
844 1687 961 1765 comm,
986 1685 1096 1771 Oedip.
1120 1685 1203 1751 305:
1225 1682 1368 1772 Arusquc

174 1811 253 1874 douo
279 1809 380 1874 tduria
403 1809 467 1876 Eoi
493 1822 622 1875 caetrae.

214 2049 271 2115 Vs.
298 2051 352 2119 77.
376 2070 553 2115 rnucvrssa
578 2070 740 2117 uraoauu.
765 2050 804 2115 cf.
831 2049 909 2115 Her.
933 2049 1042 2116 XVII.
1067 2049 1128 2139 95,“;

419 2171 517 2237 Nunc
541 2172 638 2237 etiam
661 2172 768 2237 nando
795 2173 942 2237 dominae
966 2172 1122 2257 placuisse
1141 2171 1262 2237 laboro.

214 2291 264 2360 Sic
296 2293 372 2361 Am.
396 2293 441 2360 II.
463 2295 492 2360 2.
516 2295 568 2361 11.
587 2293 629 2359 A.
651 2294 693 2360 A.
714 2293 739 2358 I.
761 2294 814 2360 35.
839 2294 916 2361 Mei.
937 2293 996 2360 III.
1020 2293 1095 2360 565.
1119 2293 1160 2358 X.
1185 2295 1261 2359 413.
1276 2293 1365 2360 XIII.

170 2416 254 2494 2853
283 2417 359 2484 809.
385 2438 425 2482 ex
449 2417 544 2484 Pani.
569 2416 595 2481 I.
621 2419 652 2483 3.
677 2418 731 2483 89.

217 2536 266 2603 De
289 2537 416 2604 Heinsii
439 2539 622 2605 coniectura
644 2541 713 2605 abes
737 2561 785 2605 us.
811 2538 853 2604 78
875 2539 948 2604 uide
973 2540 1013 2603 ad
1038 2561 1084 2603 us.
1112 2539 1165 2604 11.

212 2784 270 2850 Vs.
297 2787 348 2851 79.
382 2784 501 2852 Menan
535 2807 627 2850 uuvu
653 2805 856 2858 nrvravsuve
882 2805 941 2850 coa
976 2805 1036 2849 usu
1069 2805 1363 2850 monnauarmrs.

168 2906 209 2971 cf.
236 2906 332 2972 Trist.
357 2907 415 2973 IV.
441 2908 494 2972 10.
520 2907 562 2972 65
588 2929 653 2992 sq.:

371 3027 470 3094 Molle
490 3030 667 3115 cupidineis
687 3050 789 3115 neque
807 3029 1058 3114 inexpugnabile
1081 3029 1154 3094 ielis

418 3150 481 3216 Oor
503 3151 601 3229 mihi,
627 3151 775 3236 quodque
799 3150 878 3214 leuis
902 3170 998 3215 causa
1021 3152 1182 3229 moueret,
1208 3154 1287 3218 erai.

167 3294 206 3338 ex
229 3273 323 3340 Ponb.
349 3277 374 3339 I.
400 3276 431 3338 3.
457 3274 518 3339 32:
543 3271 706 3339 Confiteor
730 3273 846 3338 misero
871 3272 967 3337 molle
990 3293 1044 3336 cor
1067 3293 1134 3337 esse
1159 3272 1247 3338 mihi.

212 3416 489 3475 narraveram,
514 3398 552 3460 ub
574 3394 651 3460 Mei.
678 3396 717 3462 ΙΙ.
743 3396 810 3460 414
834 3396 896 3461 leue
919 3396 1071 3480 luculum3
1095 3392 1172 3458 Met.
1199 3394 1271 3460 XII.
1296 3394 1362 3462 576

166 3518 241 3583 leuis
274 3520 407 3603 sapitta3
440 3540 519 3603 opus
550 3518 651 3604 igitur
682 3517 813 3582 minime
847 3520 895 3582 est
924 3519 962 3582 ui
982 3537 1055 3582 eum
1079 3515 1225 3581 Werfero
1248 3515 1361 3597 facias,

166 3638 222 3722 qui
261 3637 348 3724 (Aee.
381 3638 492 3723 philol.
525 3637 652 3704 Monac.
685 3643 709 3704 I.
748 3659 790 3706 rv.
824 3639 904 3726 503)
939 3661 956 3703 e
988 3637 1133 3722 margine
1164 3637 1281 3703 codicis
1312 3638 1362 3703 sui

165 3757 292 3825 Monac.
319 3759 393 3846 (nu)
417 3759 634 3845 recipiendum
658 3782 724 3825 esse
745 3762 855 3824 menei
876 3779 935 3844 pro
960 3760 1092 3824 aeuus:
1117 3761 1236 3824 teneris.

212 3877 281 3945 Coa
311 3901 384 3946 eum
407 3881 533 3965 syllaba
554 3882 597 3947 sii
619 3882 724 3946 breuis
748 3903 850 3966 neque
874 3903 1024 3966 umquam
1048 3881 1251 3966 producatur,
1275 3887 1361 3949 reete

165 4002 199 4065 in
223 4001 407 4067 melioribus
431 4003 593 4069 codicibus
616 4006 690 4089 posi
711 4004 826 4069 leuibus
846 4004 1006 4068 adiectum
1025 4003 1169 4067 uidemus
1189 4027 1255 4090 pue.
1277 4002 1361 4068 Vul-

164 4128 241 4208 gata
271 4123 383 4210 leobio,
416 4147 472 4212 que
499 4126 667 4209 omittens,
701 4125 778 4190 olim
809 4125 968 4210 permouit
998 4124 1186 4204 Heinsium‚
1227 4128 1265 4190 ub
1295 4126 1359 4191 ele·

165 4245 257 4328 genii
289 4267 364 4310 sane
393 4246 577 4312 coniectura
607 4248 745 4334 legeret:
771 4248 885 4314 leuibus
910 4250 992 4314 uuus
1013 4260 1058 4313 eet
1081 4272 1111 4312 u.
1137 4260 1159 4313 t.
1184 4246 1247 4314 seu
1270 4269 1357 4313 com·

165 4364 289 4450 paratio
313 4387 385 4432 eum
409 4366 505 4434 Tn'sb.
527 4368 568 4435 V.
592 4370 643 4438 10.
666 4369 708 4435 65
729 4390 825 4454 supra
845 4369 898 4434 eii.
918 4371 1012 4434 docet
1031 4369 1252 4436 emendatione
1271 4369 1358 4434 hune

164 4486 271 4551 locum
295 4509 362 4554 non
386 4489 538 4574 indigere.

168 4605 378 4618 ———.

200 4648 227 4714 1)
244 4648 307 4700 Dies.
324 4649 404 4714 inaug.
423 4651 527 4700 Monesi.
547 4649 620 4703 1873.
