3386 5346
889 339 933 407 40

314 547 418 612 nuper
445 526 587 592 ostendit
615 525 778 590 Baehrens
798 522 824 611 ¹)
856 524 988 589 uerbum
1011 523 1091 587 illud
1115 522 1246 587 tolerari
1269 521 1330 587 hoe
1352 521 1422 586 loeo
1446 519 1506 584 mi·

314 649 400 713 nime
423 670 532 734 posse3
556 648 672 713 etenim
695 648 782 712 locos
804 647 868 711 iam
893 646 969 712 olim
993 646 1084 710 eitari
1105 646 1215 711 solitos
1240 645 1312 710 Am.
1337 644 1398 710 III.
1421 645 1452 709 1.
1467 645 1505 710 7:

323 771 413 837 Verrii
434 775 579 837 odoratos
602 772 726 856 Elepeiu
749 793 828 835 aero
851 769 994 857 capillos,
1015 768 1075 834 111.
1097 769 1126 832 9.
1150 770 1187 834 3:
1208 767 1333 832 Flebilis
1345 769 1507 852 indipnom

314 894 457 978 Elapso,
494 894 576 958 solue
613 893 756 981 capillos,
790 891 879 956 Rem.
918 892 998 956 379:
1035 891 1163 955 Blando
1194 890 1397 978 pharetratos
1432 890 1508 954 Ele·

311 1017 381 1101 peia
415 1027 514 1080 coutet
548 1037 666 1079 remores
680 1013 706 1100 2)
728 1053 767 1063 -
791 1015 862 1078 ideo
896 1013 959 1079 hue
993 1034 1060 1076 non
1094 1011 1215 1090 faeere,
1251 1012 1337 1096 quod
1360 1010 1416 1096 ibi¹
1431 1012 1506 1076 Ele-

312 1139 381 1222 peia
412 1136 471 1201 dea
499 1135 606 1220 aliqua
637 1157 768 1222 poeseos
798 1135 955 1221 elegiaoae
986 1137 1060 1219 apte
1090 1133 1284 1218 fingeretur;
1308 1133 1360 1198 eui
1383 1132 1508 1198 fiotioni

313 1257 350 1321 in
374 1261 485 1322 nostro
508 1279 601 1322 uersu
624 1257 731 1322 locum
755 1278 820 1320 non
844 1278 924 1321 esse:
952 1257 1043 1320 deam
1067 1256 1153 1320 enim
1176 1254 1282 1320 flebile
1305 1275 1431 1319 carmen
1445 1253 1507 1319 diei

314 1377 498 1444 absurdum.
533 1377 645 1463 Neque
669 1377 836 1461 Ouidium,
861 1378 917 1442 ubi
941 1377 1043 1442 solum
1067 1398 1168 1462 genus
1191 1349 1321 1461 poeseos
1340 1375 1504 1460 indicaret,

314 1500 377 1564 alia
408 1521 560 1584 umquam
594 1522 671 1565 uooe
701 1501 750 1565 uti
781 1523 876 1586 quam
906 1501 996 1585 alepi,
1020 1500 1120 1565 ueluti
1144 1499 1234 1564 Rem.
1260 1497 1341 1563 395:
1373 1498 1508 1562 Tantam

315 1645 345 1687 se
367 1623 452 1687 uobis
474 1623 549 1708 alepi
567 1625 671 1688 debere
686 1624 839 1707 fatentur,
869 1622 1027 1702 Quantum
1049 1621 1182 1707 Verpilio
1203 1621 1301 1687 nobile
1320 1622 1403 1686 debet
1423 1642 1506 1708 epos.

361 1741 480 1818 Quodsi
509 1743 608 1828 igitur
639 1745 759 1828 optime
790 1744 1023 1810 demonstrauit
1045 1743 1208 1808 Baehrens
1231 1744 1338 1808 locum
1362 1744 1507 1807 nostrum

315 1886 407 1950 egere
437 1866 576 1945 medela,
610 1871 717 1931 tamen
746 1867 832 1931 haud
865 1866 930 1930 seio
962 1889 1003 1930 an
1035 1865 1156 1931 nemini
1178 1866 1222 1930 sit
1244 1864 1507 1950 eomprobaturus

316 2009 412 2073 quam
434 1986 556 2073 profert
578 1987 805 2053 coniecturam:

409 2109 548 2174 Flendus
572 2131 661 2174 amor
685 2132 774 2175 meus
797 2115 861 2175 est:
886 2111 966 2193 elegi
989 2113 1066 2175 suut
1087 2110 1192 2175 flebile
1217 2132 1364 2194 carmen,

317 2253 380 2315 qua
419 2231 603 2316 languidior
633 2231 768 2297 effieitur
799 2254 908 2297 uersus
939 2232 1011 2313 ille,
1040 2254 1152 2318 quem,
1185 2236 1222 2296 ut
1253 2232 1332 2296 mihi
1363 2231 1508 2316 uidetur,

200 2361 202 2366 '
317 2356 395 2418 tuno
420 2354 548 2418 demum
571 2356 655 2417 reete
679 2353 862 2418 restitutum
887 2353 1019 2432 dixeris,
1045 2376 1117 2419 eum
1141 2355 1215 2440 alepi
1237 2354 1386 2431 uerbum,
1399 2353 1509 2437 inquo

317 2474 487 2559 praecipua
517 2475 560 2538 sit
582 2474 760 2539 sententiae
785 2476 832 2540 uis
855 2478 888 2540 et
911 2475 1069 2560 grauitas,
1095 2476 1217 2539 nonin
1241 2475 1388 2561 apodosi,
1413 2496 1510 2559 quarn

318 2601 453 2675 uocant,
486 2599 540 2661 sed
571 2597 672 2661 multo
700 2595 856 2662 efficacius
886 2597 920 2661 in
943 2598 1066 2682 protasi
1089 2597 1131 2662 sit
1155 2597 1363 2662 collocatum:
1387 2596 1510 2682 poetria

318 2718 403 2783 enim
435 2740 501 2783 non
524 2718 584 2782 hoe
609 2717 704 2783 debet
727 2718 829 2784 dieere
852 2719 991 2783 flendum
1015 2719 1076 2784 sibi
1099 2741 1166 2784 esse
1188 2740 1326 2783 amorem
1351 2741 1444 2783 suum
1467 2756 1507 2768 -

317 2840 349 2904 id
385 2840 470 2923 quod
501 2839 604 2923 quiuis
628 2842 744 2923 sponte
766 2840 926 2926 intellegit
939 2879 1000 2917 -‚
1024 2842 1078 2906 sed
1101 2863 1165 2926 qua
1189 2841 1330 2918 ratione,
1351 2862 1415 2924 quo
1439 2862 1509 2906 aar·

320 2961 413 3025 minis
437 2981 571 3044 genere,
596 2981 666 3024 oum
690 2961 732 3024 sit
754 2960 878 3026 flendus
902 2982 1009 3040 amor,
1034 2962 1127 3027 fletus
1145 2962 1194 3027 illi
1214 2962 1335 3026 effundi
1358 2963 1510 3041 debeant,

319 3105 433 3167 nempe
467 3083 606 3147 carmine
641 3083 799 3169 elegiaco,
834 3087 919 3168 quod
955 3084 1082 3149 fletibus
1117 3085 1158 3148 sit
1193 3085 1367 3170 proprium.
1408 3083 1511 3160 Quare

319 3204 480 3288 scripsisse
502 3208 631 3289 poetam
654 3207 837 3271 statuerim:

432 3325 572 3391 Flendus
595 3347 685 3391 amor
707 3350 796 3393 meus
818 3332 866 3394 est
890 3329 1005 3413 elegis:
1030 3329 1091 3394 hoo
1114 3328 1219 3394 flebile
1243 3350 1380 3393 earmen.

366 3569 514 3636 Ceterum
535 3593 607 3636 acer
625 3572 719 3636 huius
733 3595 839 3638 uersus
852 3573 975 3638 exstitit
986 3574 1192 3659 impugnator
1203 3573 1249 3638 Io.
1263 3573 1337 3639 Val.
1350 3573 1514 3652 Francus,

321 3693 356 3757 in
393 3689 512 3758 Calliao
542 3713 617 3778 pag.
651 3695 694 3758 43
727 3694 770 3758 sie
802 3695 974 3760 disserens:
1012 3694 1118 3759 »lllud
1150 3699 1235 3760 uerte
1255 3694 1341 3760 haud
1374 3695 1515 3779 neglexit

322 3812 477 3878 »Ouidius
509 3812 617 3892 ἔλεγον
648 3836 714 3878 non
745 3837 811 3880 esse
841 3817 972 3880 omnino
997 3817 1184 3901 querulum,
1208 3820 1261 3881 sed
1285 3816 1421 3901 lugubre
1445 3837 1514 3880 oar-

324 3955 429 3998 »men
466 3934 569 3998 Aliter
599 3934 653 3998 ille
685 3938 778 4019 poeta
809 3936 902 4022 (he.
933 3937 988 4021 qui
1012 3935 1160 4023 Sapphus
1183 3938 1309 4021 scripsit
1332 3938 1515 4024 epistulam)

323 4054 404 4119 »hos
438 4054 524 4139 ipsos
559 4053 666 4120 Ouidii
701 4078 812 4122 uersus
848 4056 934 4142 (Am.
967 4058 1026 4122 ΙΙΙ.
1059 4059 1090 4122 9.
1125 4061 1227 4142 3sq.‚
1260 4081 1357 4143 supra
1388 4058 1515 4145 allatos)

324 4175 467 4241 »habens
498 4177 539 4242 ob
570 4177 679 4243 oculos
708 4179 862 4262 expressit
883 4202 1032 4264 peruersa
1055 4177 1269 4244 imitatione.”
1305 4179 1396 4256 Quod
1420 4202 1515 4276 quam

358 4476 386 4540 1)
405 4477 434 4526 ln
455 4475 843 4540 ,mumeisloroga”,x111.
863 4477 935 4525 1-2.
954 4477 1097 4542 1884.1›sg.
1117 4478 1156 4527 se.

358 4558 383 4619 a)
401 4558 430 4608 cr.
448 4558 557 4608 masis.
577 4559 606 4606 v.
625 4559 664 4606 so.
683 4559 706 4605 4.
725 4559 785 4607 sat.
803 4557 861 4606 sm.
882 4558 902 4607 1.
921 4557 945 4606 a.
964 4556 986 4607 r.
