3386 5346
909 362 950 452 eo'

337 573 433 638 missa
457 571 604 657 Sappho,
628 572 682 636 sed
706 592 938 656 quamcumque
960 571 1003 636 ob
1026 592 1153 636 causam
1176 571 1356 656 reliquisset
1378 571 1527 656 patriam.

331 691 458 759 Etenim
483 694 518 758 iu
536 693 628 758 breui
647 696 679 757 et
698 692 824 757 conciso
846 692 972 758 dicendi
991 713 1107 777 genere
1126 692 1193 758 eius
1214 691 1366 759 Chronici
1377 697 1527 774 φυγοῦσα

331 817 421 880 nullo
453 819 548 881 modo
579 815 642 881 nisi
673 837 729 900 per
759 815 968 880 eminentiam
1000 818 1172 899 quamdam
1201 815 1249 879 illi
1274 813 1406 881 ἔπλευσε
1429 815 1529 880 uerbo

331 938 437 1023 potuIt
467 939 552 1003 addi.
587 936 631 1002 Et
663 959 729 1002 esse
752 937 908 1021 poetriam
932 958 1042 1001 reuera
1065 937 1194 1001 missam
1216 937 1250 1000 in
1274 937 1403 1002 exilium
1428 959 1447 1001 a
1469 958 1528 1022 po-

331 1060 491 1144 pularium
525 1059 665 1124 factione
700 1058 914 1144 principatum
950 1058 984 1122 in
1021 1059 1150 1123 ciuitate
1185 1061 1332 1137 tenente,
1370 1080 1442 1123 cunr
1478 1059 1529 1124 uel

331 1181 400 1265 ipsa
430 1181 482 1245 uel
506 1181 615 1245 affines
638 1179 784 1266 partibus
807 1180 962 1245 nobilium
986 1181 1155 1258 fauissent,
1181 1181 1270 1245 nullo
1295 1181 1406 1246 relicto
1431 1181 1528 1247 dubio
1620 1210 1624 1222 ·

332 1303 561 1388 comprobarit·
575 1303 615 1367 A.
640 1301 801 1381 Sabeone,
834 1303 1013 1370 Untcrsuod.
1034 1304 1098 1368 aad.
1119 1306 1177 1368 doe
1197 1303 1298 1368 Laden
1314 1306 1370 1369 der
1382 1303 1528 1392 Sappho,

333 1447 406 1512 pag.
435 1425 500 1492 754
523 1448 592 1510 sqq.
609 1427 644 1512 Ι).

379 1671 436 1737 Vs.
462 1670 514 1738 53.
540 1671 566 1736 0
591 1691 651 1736 vos
672 1691 828 1736 naaouuu
849 1691 996 1735 rasuras
1020 1692 1196 1736 eumerius
1216 1691 1377 1739 uosrnvu.
1409 1672 1530 1758 Utique

333 1796 402 1858 erat
425 1793 641 1878 recipiendum
665 1815 723 1878 pro
745 1806 906 1859 nostrum:
930 1806 1049 1872 aestro,
1074 1794 1169 1858 utin
1190 1818 1242 1880 p,.
1263 1794 1529 1880 adscripsitman.

334 1916 364 1979 2.
397 1915 555 1980 Nostram
586 1915 670 1979 enim
701 1937 853 1999 perquam
888 1915 1089 1981 abundanter
1120 1916 1161 1981 ad
1191 1940 1332 1982 erronem
1366 1917 1530 1997 accedere,

334 2037 439 2102 tellure
472 2057 548 2104 uero
581 2036 626 2101 sio
658 2036 741 2101 nude
772 2037 913 2121 positum
935 2037 1065 2102 tolerari
1089 2059 1157 2102 non
1179 2060 1271 2123 posse
1296 2038 1530 2104 demonstrauit

335 2158 498 2223 Baehrens
521 2157 567 2226 l.l.
591 2181 624 2243 p.
650 2158 703 2224 57.

379 2279 440 2346 Tb.
472 2279 543 2348 Birt
573 2279 619 2348 l.l.
652 2304 684 2365 p.
711 2281 785 2347 388.
811 2304 843 2349 n.
870 2283 889 2345 2
914 2281 1040 2347 scribit:
1077 2282 1139 2346 »Iu
1163 2305 1209 2350 us.
1236 2284 1279 2349 53
1304 2307 1345 2350 ue
1369 2284 1456 2349 uocis
1479 2308 1530 2350 er-

335 2426 441 2468 ronem
474 2403 639 2468 audaciam
673 2424 831 2489 premam,
865 2405 970 2470 tellure
1001 2407 1068 2468 tam
1099 2427 1197 2489 praue
1228 2406 1412 2492 superfluit,
1443 2410 1480 2470 ut
1506 2406 1533 2471 si

335 2525 388 2591 hic
413 2528 495 2590 esset
518 2525 668 2605 Ouidius,
696 2529 880 2610 corruptum
904 2528 1010 2592 locum
1033 2548 1100 2591 esse
1122 2527 1291 2595 dicerem.”
1316 2528 1431 2594 Tutius
1458 2549 1532 2614 pro-

334 2647 419 2712 fecto
444 2647 560 2732 egisset
583 2648 634 2711 uir
653 2648 708 2712 ille
731 2651 860 2732 doctus,
883 2649 910 2712 si
931 2670 1041 2713 reuera
1062 2652 1245 2735 corruptum
1266 2650 1398 2715 dixisset
1410 2652 1532 2728 locum,

334 2791 428 2855 quem
454 2773 560 2834 tamen
584 2791 601 2833 e
623 2794 673 2856 p,.
698 2791 786 2834 nunc
809 2769 928 2854 optime
952 2792 1019 2834 esse
1040 2772 1243 2836 emendatum
1253 2777 1393 2857 apparet.
1419 2773 1531 2838 Auda-

332 2891 413 2956 ciam
437 2912 514 2956 uero
537 2891 627 2955 illam
659 2915 728 2957 erro
752 2892 899 2956 uocabuli
923 2913 1122 2957 communem
1145 2892 1243 2958 habet
1262 2893 1356 2958 huius
1376 2895 1531 2979 epistulae

333 3014 470 3099 scriptor
500 3036 572 3079 cum
604 3013 731 3078 Tibullo
756 3013 810 3100 (ll.
837 3015 867 3079 6.
894 3015 946 3101 6):
972 3013 1076 3101 Atque
1099 3018 1211 3080 iterum
1235 3039 1374 3081 erronem
1399 3019 1453 3081 rab
1477 3030 1532 3081 tua

333 3139 421 3221 alyne
456 3160 528 3202 uoco
556 3134 700 3221 [Amor]
724 3138 811 3202 Erro
835 3137 938 3215 enim,
962 3136 1021 3200 etsi
1046 3137 1174 3221 proprie
1198 3139 1333 3202 nonest
1355 3137 1530 3222 fugitiutm,

334 3259 388 3322 sed
417 3257 444 3322 is
469 3257 546 3342 »qui
569 3256 752 3341 frequenter
775 3258 843 3322 sine
867 3279 963 3322 causa
987 3261 1124 3342 uagatur
1148 3261 1181 3322 et
1203 3259 1399 3342 temporibus
1422 3260 1458 3323 in
1481 3282 1531 3324 res

333 3380 521 3465 nugatorias
552 3380 749 3463 consumptis
782 3379 881 3444 serius
912 3380 953 3443 ad
985 3379 1149 3444 dominum
1182 3379 1287 3444 redit''
1311 3381 1354 3466 ²),
1378 3382 1413 3445 in
1437 3381 1530 3446 rebus

335 3502 499 3567 amatoriis
523 3501 639 3566 dicitur
662 3502 689 3565 is
712 3502 768 3584 qui
796 3503 852 3565 aut
876 3501 976 3565 amori
999 3501 1153 3565 ualedixit
1176 3507 1232 3565 aut
1256 3503 1296 3565 ad
1320 3502 1417 3567 aliam
1440 3503 1530 3588 puel·

258 3681 261 3686 .
336 3623 400 3688 lam
428 3622 619 3708 transfugit,
640 3622 724 3686 idem
743 3623 842 3707 igitur
862 3624 948 3706 quod
968 3625 1017 3688 est
1036 3624 1189 3700 desultor,
1209 3644 1235 3686 e.
1249 3644 1280 3707 g.
1300 3623 1455 3690 Am.l.3.
1472 3623 1530 3690 15:

338 3783 378 3794 —
404 3767 471 3809 non
502 3768 572 3810 sum
606 3745 746 3810 desultor
769 3745 897 3809 amoris.
944 3745 985 3809 cf.
1009 3743 1048 3812 A.
1062 3743 1102 3809 A.
1127 3744 1187 3809 Ill.
1215 3745 1297 3810 436:
1323 3744 1419 3809 Errat
1441 3747 1531 3811 etin

337 3866 427 3933 nulle
455 3871 528 3932 sede
559 3870 702 3932 moratur
733 3889 832 3934 amor.
880 3868 920 3933 A.
935 3866 975 3932 A.
1008 3866 1050 3932 ll.
1085 3868 1167 3931 339:
1205 3865 1288 3930 Dum
1320 3889 1422 3933 nouus
1446 3871 1532 3932 errat

339 4011 429 4054 amor
442 4028 494 4054 -.
521 3989 598 4054 Her.
623 3988 749 4055 XVIII.
775 3989 836 4055 96:
852 3989 1018 4053 -similis
1042 3992 1139 4052 uento
1163 4009 1204 4051 ne
1227 3990 1301 4052 tuus
1324 3993 1408 4053 erret
1423 4012 1531 4067 amor;

338 4111 378 4176 cf.
404 4110 558 4176 Heinsius
582 4112 620 4176 ad
645 4111 678 4177 h.
703 4133 747 4175 us.
774 4115 807 4176 et
830 4111 1008 4177 Burmann.
1033 4111 1073 4174 ad
1097 4110 1200 4177 Anth.
1221 4109 1290 4178 Lat.
1310 4111 1351 4177 ll.
1365 4133 1439 4197 pag.
1454 4114 1529 4180 662.

375 4354 440 4423 'Vs
465 4356 518 4422 54.
542 4355 704 4422 N1srunns
726 4376 852 4421 nereus
872 4354 1100 4426 N1s1nuusovu
1120 4375 1235 4423 uvare.
1257 4355 1405 4422 Nisiades
1427 4357 1531 4422 dictae

371 4550 394 4606 1)
418 4550 448 4598 lu
466 4547 546 4612 Symb.
564 4545 649 4612 philol.
669 4546 789 4594 Bonnenr.
807 4543 833 4592 iu
851 4543 906 4592 hon.
924 4542 1057 4592 Ritechelii.
1075 4543 1139 4592 uaso.
1160 4543 1192 4592 ll.
1211 4543 1284 4594 1867.

372 4631 397 4690 2)
419 4631 456 4679 Ol.
473 4629 530 4694 Ulp.
546 4628 603 4692 Dig.
620 4627 687 4676 xxl.
705 4629 728 4676 1.
749 4624 790 4684 175
811 4625 897 4674 xnlx.
917 4624 955 4674 16.
974 4627 998 4674 4.
1016 4626 1056 4674 14.
1080 4625 1141 4674 Hor.
1160 4627 1182 4673 S.
1211 4627 1246 4675 11.
1263 4624 1287 4678 l.
1305 4626 1361 4676 113.
