3380 5346
747 421 808 490 127

174 605 210 671 in
239 603 358 672 Calliae
371 605 409 692 1),
432 606 496 692 (an.
525 606 624 691 1816)
650 628 681 690 p.
706 608 766 685 43,
790 629 807 671 e
828 629 922 672 uersu
944 607 981 685 7,
1003 606 1048 671 sic
1068 606 1157 670 utin
1179 606 1372 672 editionibus

176 727 332 812 plerisque
356 728 540 813 legebatur:

297 825 450 915 'Flendus
481 873 570 917 amor
599 875 687 917 meus
719 855 775 916 est.
808 851 928 936 elegeia
954 851 1059 916 flebile
1084 875 1212 917 carmen

173 976 398 1055 argumentum
418 973 479 1037 sibi
503 974 639 1058 sumpsit
663 977 700 1038 ut
721 972 911 1038 Ouidianam
932 973 1088 1058 originem
1111 975 1209 1039 totius
1223 975 1372 1058 opusculi

175 1095 317 1178 negaret.
336 1092 458 1159 Statuit
480 1095 566 1159 enim
591 1096 641 1160 uir
663 1096 775 1160 doctus
798 1095 950 1180 elegeiam
976 1096 1107 1160 omnino
1129 1117 1194 1160 non
1216 1118 1374 1180 esseque·

172 1214 278 1279 rulum
309 1237 437 1281 carmen
468 1218 524 1282 sed
546 1216 700 1302 lugubre,
723 1218 833 1302 itaque
856 1220 983 1301 poetam
1014 1220 1159 1282 nostrum
1184 1218 1220 1281 in
1244 1216 1301 1281 illo
1325 1239 1374 1282 us.

177 1337 195 1401 7
219 1358 328 1402 uersus
352 1336 458 1404 Ouidii
480 1338 554 1406 Am.
579 1339 640 1405 III.
668 1340 698 1406 9.
726 1341 746 1404 3
773 1361 840 1424 eq:

311 1459 441 1527 Flebilis
463 1461 615 1546 indignos
638 1461 769 1547 Elegeia
791 1461 880 1527 solue
905 1462 1047 1547 capillos.

355 1581 404 1662 A,
428 1584 523 1649 nimis
546 1606 563 1648 e
583 1606 658 1649 uero
681 1607 768 1650 nunc
791 1585 850 1649 tibi
875 1606 991 1649 nomen
1020 1583 1100 1648 erit!

175 1706 217 1769 ob
256 1704 365 1771 oculos
400 1703 571 1771 habentem
606 1727 754 1791 peruersa
788 1705 977 1790 expressisse
1011 1705 1203 1769 imitatione.
1240 1705 1376 1769 Addidit

175 1827 319 1892 Francke
354 1828 401 1913 (in
431 1827 593 1894 Addeodr's
623 1831 666 1893 ad
701 1826 857 1893 Collinum
888 1850 918 1911 p.
948 1828 980 1912 1)
1012 1826 1075 1891 alia
1103 1848 1229 1912 quoque
1261 1827 1296 1891 in
1318 1827 1375 1890 illa

176 1949 313 2033 epistula
335 1948 475 2014 inueniri
492 1949 621 2014 interna
639 1948 759 2014 fraudis
780 1949 934 2033 uestigia,
956 1969 1037 2033 quae
1056 1969 1240 2012 enumerare
1261 1969 1281 2012 a
1299 1969 1374 2032 pro·

175 2071 279 2155 posito
312 2075 394 2136 esset
425 2070 575 2136 alienum.
608 2069 688 2136 (lum
719 2075 827 2136 tamen
853 2091 956 2154 neque
980 2092 1028 2134 us.
1056 2070 1074 2133 7
1098 2069 1224 2153 legatur
1248 2069 1375 2154 Elepeio

177 2193 240 2257 nisi
267 2192 303 2256 in
331 2192 559 2258 recentioribus
590 2193 712 2277 aliquot
744 2193 880 2276 uilisque
911 2191 1007 2277 pretii
1038 2189 1147 2273 libris,
1181 2213 1284 2275 neque
1308 2189 1374 2255 ullo

175 2312 242 2378 iure
278 2313 404 2397 negarit
437 2311 582 2379 Franeke
616 2314 722 2398 elegos
753 2317 838 2378 reete
869 2313 931 2378 dici
962 2335 1090 2378 carmen
1119 2311 1287 2396 querulum
1320 2334 1376 2377 seu

176 2433 280 2500 flebile
311 2436 398 2522 (uide
431 2457 545 2502 comm.
577 2460 608 2521 p.
642 2436 685 2500 40
716 2438 787 2523 sq),
812 2436 941 2501 interna
965 2440 1071 2502 autem
1093 2435 1150 2500 illa
1173 2435 1295 2500 fraudis
1319 2458 1375 2500 ue-

175 2555 270 2640 stigia
293 2578 351 2622 nec
373 2557 489 2621 diserte
511 2557 650 2622 indicare
674 2579 733 2623 nee
759 2558 856 2622 firmis
881 2559 1079 2643 argumentis
1109 2559 1375 2642 comprobaresit

176 2676 345 2762 dignatus,
366 2700 432 2745 non
452 2682 501 2744 est
519 2681 621 2745 curin
633 2680 787 2746 eiusmodi
798 2681 958 2746 sententia
972 2682 1109 2766 amplius
1124 2700 1373 2746 commoremur:

176 2821 272 2885 quam
307 2803 415 2866 temen
446 2802 517 2866 ideo
548 2802 675 2868 silentio
705 2803 958 2888 praetermittere
989 2802 1079 2867 nolui
1110 2805 1196 2890 quod
1228 2800 1375 2866 Francke

177 2921 298 3006 primus
321 2921 440 2987 fraudis
463 2922 549 2988 illius
566 2924 762 2988 mentionem
783 2924 893 2988 iniecit
914 2922 1113 3008 multumque
1134 2924 1201 2988 eius
1222 2922 1373 2988 iudicium

176 3045 263 3126 apud
285 3045 395 3108 doctos
417 3044 553 3110 ualuisse
576 3046 713 3110 uidetur.

225 3285 306 3353 Cum
329 3288 430 3374 igitur
451 3287 600 3374 Sapphus
624 3288 792 3374 epistulam
818 3288 858 3355 ab
882 3288 998 3354 Ouidio
1024 3311 1090 3355 esse
1114 3289 1264 3375 scriptam
1284 3287 1376 3355 Wer·

177 3408 224 3474 fer
255 3409 371 3496 aliique
401 3413 647 3495 contenderent,
680 3416 814 3496 negaret
836 3411 999 3490 lhancke,
1024 3412 1125 3477 etsie
1150 3413 1293 3476 maneret
1317 3412 1376 3476 sub

178 3530 281 3596 iudice
311 3532 366 3618 lis,
399 3530 618 3599 Schneidewin
650 3555 736 3598 anno
771 3535 855 3599 1841
890 3535 926 3598 in
959 3534 1069 3599 Museo
1092 3533 1250 3598 Rhenano
1276 3532 1319 3598 N.
1343 3532 1375 3599 S.

178 3653 223 3717 ΙΙ.
246 3654 343 3720 1843.
365 3677 396 3739 p.
421 3656 483 3722 138
509 3678 577 3740 sqq.
599 3656 777 3720 accuratius
799 3655 835 3719 in
858 3677 929 3720 earn
953 3677 1020 3720 rem
1039 3655 1199 3739 inquirere
1219 3655 1374 3719 instituit.

178 3773 222 3838 Et
246 3776 342 3840 uariis
365 3777 563 3861 argumentis
581 3777 617 3841 in
638 3780 805 3861 utramque
825 3779 949 3861 partem
970 3776 1133 3862 perpensis
1154 3776 1233 3842 haec
1251 3798 1376 3841 summa

178 3895 245 3962 eius
268 3898 508 3983 disceptationis
531 3896 610 3975 fuit,
634 3897 782 3983 Sapphus
805 3897 974 3982 epistulam
999 3920 1019 3962 a
1042 3898 1111 3962 uiro
1135 3897 1318 3983 nescioquo
1333 3933 1375 3946 -··

177 4018 312 4085 fortasse
342 4021 383 4085 ab
417 4021 545 4106 Angelo
577 4020 697 4087 Sabino
710 4020 736 4108 2)
762 4020 979 4105 -scriptam
1003 4041 1070 4086 esse
1096 4021 1222 4085 saeculo
1246 4020 1374 4085 demum

188 4200 382 4216 ...n—-m-—a—-o-

213 4308 241 4374 1)
265 4308 372 4358 Gallinas
395 4307 445 4358 sine
466 4307 610 4372 quaestionis
634 4308 663 4356 de
680 4306 772 4372 origine
789 4305 901 4356 carminis
920 4306 1017 4371 elegiaci
1032 4305 1145 4355 tractatio
1163 4302 1253 4354 critice.
1272 4304 1374 4354 Altenae

180 4394 204 4440 et
221 4390 327 4457 Lipsiae,
348 4392 422 4441 1816.

212 4473 239 4538 2)
259 4475 279 4522 l.
306 4475 331 4523 C.
358 4474 433 4530 Iahn,
458 4475 486 4523 de
512 4474 596 4524 Ouidii
617 4477 641 4523 et
662 4473 743 4523 Sabini
760 4473 868 4539 epistulis
887 4474 913 4522 P.
935 4473 957 4522 1.
977 4472 1096 4537 (Lipsiae,
1117 4471 1197 4535 1826)
1215 4486 1239 4535 p.
1258 4470 1298 4520 28.
1317 4468 1375 4518 n.l

179 4556 332 4622 reprehendit
353 4557 409 4605 Ger.
428 4557 447 4604 l.
466 4556 577 4605 Vossinm
594 4556 658 4620 qued
674 4556 695 4604 is
711 4555 808 4604 dixisset
826 4556 865 4614 (de
882 4555 959 4620 poetis
976 4554 1081 4612 Latinis,
1102 4552 1236 4602 Amsteled.
1258 4550 1334 4608 1642,
1351 4565 1375 4614 p.

179 4639 223 4703 88)
248 4639 376 4704 epistulam
392 4639 502 4704 Sapphus
517 4654 566 4687 esse
582 4638 695 4702 scriptam
713 4638 742 4687 ab
760 4638 823 4688 Aulo
839 4637 940 4698 Sabino,
959 4637 1003 4686 illo
1021 4636 1105 4685 Ouidii
1123 4634 1205 4684 amice.
1225 4633 1279 4698 Qua
1295 4635 1375 4681 tamen
