3380 5346
899 397 941 461 74

366 581 500 642 Versum
532 577 575 642 85
604 576 843 659 σπονδειάζοντι
875 577 1017 643 collectis
1048 599 1086 642 ex
1117 574 1209 641 Ouid.
1236 598 1333 641 carm.
1360 576 1512 662 exemplis

319 698 476 764 similibus
500 701 613 764 contra
635 699 802 765 Lehrsium
827 700 983 785 (Prooem.
1008 699 1043 764 in
1068 698 1183 764 Horat.
1210 721 1242 783 p.
1269 699 1346 784 239)
1371 697 1516 763 defendit

318 818 546 904 Eeohenburffi
571 820 666 886 Matr.
699 821 878 887 Ualersuod.
905 824 964 885 oet.
990 843 1021 905 p.
1049 818 1104 883 21.

363 939 531 1006 Ausrvarr
563 943 622 1028 (us.
650 942 726 1029 86),
751 946 789 1007 ut
812 942 890 1008 Her.
915 942 973 1007 VI.
1001 943 1085 1007 131:
1109 963 1128 1006 o
1153 942 1300 1019 demens,
1326 938 1515 1026 Colchisque

318 1063 426 1128 ablate
446 1065 593 1139 uenenis3
629 1063 705 1129 Her.
730 1065 808 1130 XII.
835 1065 892 1130 36:
918 1064 1126 1129 Abstulerant
1149 1063 1234 1128 oculi
1257 1061 1381 1126 lumina
1404 1064 1515 1127 nostra

317 1184 384 1262 tui;
405 1184 445 1250 cf.
466 1183 556 1250 Rem.
580 1187 663 1251 343:
682 1185 864 1251 Auferimur
882 1185 993 1252 cultu.
1008 1233 1015 1250 .
1030 1233 1061 1251 ..
1076 1185 1161 1251 .uid.
1180 1183 1293 1250 Heius.
1315 1184 1356 1248 ad
1376 1205 1422 1250 us.
1438 1184 1513 1251 140.

364 1326 442 1370 euru
456 1328 536 1379 qvos
550 1329 606 1373 vra
620 1328 730 1373 auran
744 1328 863 1372 eornsr
884 1309 1061 1392 explicatur
1071 1307 1141 1373 loco
1154 1308 1189 1371 in
1201 1307 1279 1373 Met.
1293 1307 1346 1392 (X.
1362 1305 1406 1371 83
1418 1307 1513 1392 sqq.):

453 1429 514 1494 Ille
538 1430 633 1494 etiam
657 1429 816 1494 Thracum
840 1429 966 1515 populis
985 1429 1049 1494 fuit
1072 1431 1185 1494 auctor
1208 1449 1348 1493 amorem

455 1552 495 1616 ln
519 1555 645 1618 teneros
667 1552 840 1617 transferre
865 1574 986 1630 mares,
1012 1551 1155 1637 citraque
1177 1551 1344 1615 iuuentam

453 1673 578 1739 Aetatis
601 1673 696 1739 breue
720 1695 776 1738 ner
800 1678 832 1738 et
855 1673 976 1758 primos
1000 1694 1128 1757 carpere
1150 1672 1254 1736 flores.

362 1932 435 1999 Vas.
459 1933 603 1999 87-92.
634 1930 752 1998 Similis
777 1932 874 1996 trium
897 1932 1025 1996 illarum
1045 1933 1174 1996 dearum
1186 1929 1334 2008 Veneris,
1348 1928 1513 2006 Aurorae,

317 2055 427 2120 Lunae
452 2055 647 2120 enumeratio
670 2055 706 2119 in
728 2076 763 2120 re
786 2054 941 2120 amatoria
963 2054 1082 2139 legitur
1104 2052 1144 2119 A.
1157 2052 1196 2117 A.
1222 2051 1284 2117 III.
1309 2053 1353 2117 83
1377 2071 1466 2136 sqq:

454 2155 598 2242 Latmius
620 2175 805 2260 Endymion
828 2197 895 2240 non
920 2178 968 2240 est
991 2175 1069 2253 tibi,
1093 2174 1201 2252 Luna,
1225 2173 1354 2251 rubori,

499 2297 567 2364 Nec
589 2296 749 2383 Cephalus
772 2319 880 2363 roseae
901 2299 1019 2382 praeda
1041 2297 1190 2382 pudenda
1213 2297 1299 2360 deae.

454 2418 500 2485 Ut
523 2419 658 2498 Veneri,
684 2442 778 2505 quern
802 2420 893 2505 luget
915 2419 1037 2497 adbuc,
1062 2419 1198 2482 donetur
1220 2416 1345 2482 Adonis
1370 2455 1410 2466 -

364 2542 422 2610 Vs.
446 2544 499 2609 87.
524 2563 566 2606 ua
582 2561 653 2625 ¹eno
678 2512 834 2608 Caeliano
860 2563 1016 2620 napaeas,
1042 2540 1190 2606 Aveoeu.
1213 2540 1253 2605 cf.
1278 2538 1354 2604 Her.
1376 2538 1432 2605 IV.
1447 2539 1510 2604 95:

363 2663 431 2731 Nec
458 2669 565 2729 tamen
588 2662 731 2729 Aurorae
755 2665 837 2728 male
860 2686 893 2729 se
916 2664 1089 2749 praebebat
1112 2664 1284 2728 amandum
1311 2659 1512 2747 [Cephalus].

319 2783 359 2849 of.
384 2784 459 2849 Met.
486 2784 560 2850 VII.
587 2786 652 2850 704
676 2806 745 2870 sqq.

363 2903 410 2969 Er
435 2925 590 2985 recreas,
616 2926 676 2970 san
702 2927 741 2970 ra
753 2955 758 2970 .
770 2957 776 2970 .
789 2957 794 2970 .
809 2955 833 2970 ..
848 2907 908 2992 (us.
924 2907 980 2992 88)
994 2905 1113 2970 dictum
1126 2908 1222 2970 estut
1245 2926 1271 2968 e.
1286 2924 1316 2988 g.
1332 2903 1409 2968 Met.
1432 2901 1510 2970 VII.

320 3026 512 3091 144-146:
540 3025 588 3090 Tu
611 3049 737 3111 quoque
761 3028 914 3093 uictorem
938 3027 1122 3112 complecti,
1149 3027 1301 3105 barbara,
1325 3025 1440 3104 uelles;

537 3146 598 3213 Sed
621 3152 669 3226 te,
693 3171 734 3213 ne
756 3148 895 3228 faceres,
919 3149 1024 3214 tenuit
1047 3149 1225 3214 reuerentia
1248 3147 1360 3215 famae.

317 3267 392 3334 Her.
420 3269 480 3336 XI.
509 3270 562 3334 31.
588 3269 664 3336 Met.
689 3269 762 3337 XV.
788 3271 869 3348 491;
897 3271 937 3335 cf.
961 3275 993 3335 et
1015 3270 1132 3335 Tibull.
1157 3269 1182 3334 l.
1207 3270 1238 3334 8.
1263 3271 1304 3334 21
1330 3287 1396 3354 sq.:

499 3388 621 3456 Cantus
646 3393 679 3455 et
701 3413 718 3455 e
742 3412 835 3456 curru
858 3391 983 3456 Lunam
1008 3391 1160 3456 deducere
1184 3393 1309 3475 tentat,

542 3510 586 3576 Et
608 3511 743 3591 faceret,
768 3513 794 3577 si
814 3534 880 3577 non
904 3535 977 3578 aera
1000 3514 1125 3598 repulsa
1148 3517 1272 3577 sonent.

364 3652 466 3696 emur
492 3651 611 3695 euersa
636 3653 739 3696 ranna
763 3633 893 3719 respicit
915 3634 1048 3699 eandem
1071 3633 1213 3698 fabulam
1238 3657 1334 3719 quam
1354 3634 1431 3700 Her.
1451 3635 1508 3701 IV.

318 3754 379 3818 95:
402 3753 469 3819 Nec
500 3766 601 3818 tameo
633 3751 777 3820 Aurorae
805 3755 884 3820 male
907 3756 1117 3844 repraebetur
1140 3758 1310 3820 amandum
1339 3754 1509 3844 Cephalue3

316 3896 425 3940 rursus
467 3874 544 3940 Met.
580 3873 656 3939 VII.
696 3876 760 3941 704
791 3898 859 3961 sqq.
902 3880 1012 3941 narrat
1041 3874 1173 3942 Ouidius
1204 3875 1398 3961 Cephalum,
1435 3900 1508 3942 cum

316 3999 434 4063 inuitas
469 3997 510 4061 ab
541 3995 669 4061 Aurora
700 4002 781 4065 esset
806 4002 932 4083 raptus,
965 4000 1055 4064 breui
1086 4002 1160 4084 post
1183 4000 1275 4065 uxori
1299 4022 1374 4066 suae
1397 4000 1509 4066 remis·

318 4140 387 4182 sum
412 4139 487 4184 esse.

363 4364 419 4430 Vs.
448 4367 501 4431 90.
536 4386 662 4432 sonuos
683 4386 887 4433 courruvean
917 4370 954 4431 ut
976 4366 1060 4431 Fast.
1087 4367 1133 4432 II.
1162 4367 1223 4432 54:
1248 4381 1389 4457 tempora
1412 4374 1509 4436 coati-

317 4511 430 4566 auare,
460 4491 520 4554 cet.
546 4527 588 4537 -
613 4487 693 4554 llam
717 4488 858 4552 fabulam
882 4487 1024 4573 sequitur
1046 4491 1140 4572 poeta
1162 4489 1224 4554 hoc
1246 4490 1333 4569 loco,
1357 4513 1453 4575 quam
1478 4495 1510 4557 et

260 4639 265 4644 ·
305 4606 427 4674 Cicero
450 4609 542 4676 Tusa.
568 4611 596 4675 I.
621 4612 663 4676 88
688 4614 737 4674 est
759 4614 899 4694 secutus,
925 4608 1161 4694 Endymionem
1186 4634 1205 4677 a
1226 4612 1319 4677 Luna
1341 4635 1408 4679 esse
1431 4635 1508 4679 con·
