3386 5346
759 441 779 506 5

303 625 438 710 Ingenio
462 624 583 689 formae
607 627 725 690 damna
748 627 887 710 rependo
913 647 1000 690 meae

167 751 360 832 sequuntur:

257 870 334 936 Sum
357 870 477 948 breuis,
502 873 537 934 at
560 891 678 935 nomen
702 873 788 956 quod
811 873 911 936 terras
933 871 1066 956 impleat
1089 893 1199 936 omnes

301 990 361 1056 Est
384 991 481 1055 mihi:
506 1013 686 1057 mensuram
710 992 850 1058 nominis
874 993 945 1079 ipsa
968 992 1047 1060 fero.
1132 1000 1135 1005 ’

165 1112 260 1178 Hanc
283 1135 430 1178 uersuum
456 1115 589 1180 33-34
612 1114 747 1179 formam
770 1117 896 1198 praeter
919 1113 1079 1200 Excerpta
1102 1115 1209 1181 nullus
1233 1115 1361 1181 exhibet

165 1237 264 1300 codex
287 1235 352 1300 nisi
373 1235 606 1301 uetustissimus
629 1235 903 1301 Francofurtanus
926 1238 1018 1322 (saec.
1041 1235 1155 1323 XllI);
1176 1236 1211 1301 in
1230 1237 1360 1322 reliquis

164 1357 313 1422 omnibus
336 1358 476 1443 legiturz

254 1479 322 1544 Nec
344 1501 395 1544 me
419 1480 590 1564 despicias,
615 1481 642 1545 si
665 1481 724 1545 sim
751 1483 845 1567 [sum]
870 1481 931 1545 tibi
956 1502 1087 1566 corpore
1111 1503 1212 1566 parua

295 1601 541 1688 Mensuramque
564 1603 670 1667 breuis
693 1603 832 1668 nominis
854 1603 924 1688 ipsa
947 1602 1026 1669 fero.

164 1725 250 1809 quod
281 1723 488 1790 coniunctum
519 1725 663 1789 uidemus
695 1746 768 1788 cum
799 1724 959 1808 prioribus
990 1725 1024 1789 in
1054 1745 1119 1789 uno
1144 1725 1251 1790 codice
1273 1723 1358 1789 Har-

164 1845 267 1910 leiano
293 1846 380 1910 2499
406 1846 500 1931 (saec.
527 1844 604 1930 XV)
627 1846 692 1910 ita:

255 1965 324 2032 Nec
348 1989 399 2031 me
422 1964 594 2051 despicias,
618 1966 644 2030 si
667 1967 726 2031 sim
749 1966 811 2031 tibi
835 1988 967 2052 corporo
991 1990 1091 2053 parua

300 2088 546 2173 Mensuramque
570 2088 676 2153 breuis
699 2089 838 2154 nominis
861 2090 930 2176 ipsa
954 2089 1031 2155 fero.

255 2210 332 2276 Sum
355 2209 478 2288 breuis,
503 2213 537 2274 at
559 2231 675 2274 nomon
699 2213 784 2294 quod
808 2213 909 2276 terras
932 2211 1066 2296 impleat
1089 2232 1199 2276 omnes

301 2331 361 2397 Est
383 2332 479 2398 mihi:
504 2354 685 2397 mensuram
709 2332 851 2397 nominis
872 2332 941 2417 ipsa
965 2332 1041 2398 fero.

163 2453 232 2530 Qua
255 2455 294 2519 de
316 2477 350 2520 re
373 2454 529 2539 copiosius
552 2454 646 2518 nobis
670 2454 730 2518 erit
753 2454 982 2539 disputandum
1007 2455 1042 2519 in
1067 2455 1293 2521 commentario
1314 2459 1356 2520 ad

164 2596 217 2640 eos
240 2597 361 2642 uersus.

210 2821 288 2886 (lum
314 2821 414 2905 igitur
436 2820 533 2886 fuisso
557 2825 661 2886 aetate
684 2823 748 2887 iam
773 2822 866 2887 ualde
885 2827 1006 2889 remota
1027 2821 1167 2888 codicem
1187 2825 1357 2907 quemdam

163 2943 340 3006 carminum
364 2943 486 3021 Ouidii,
509 2944 542 3007 in
568 2966 631 3028 quo
657 2943 804 3029 Sapphus
828 2945 964 3029 epistula
987 2945 1073 3008 inter
1093 2943 1268 3008 Heroidum
1287 2943 1355 3027 epi·

161 3063 261 3128 stulas
296 3065 366 3130 loco
398 3064 462 3130 XV
491 3064 589 3129 fuerit
621 3066 791 3144 collocata,
827 3087 866 3130 ox
895 3065 959 3130 illis
988 3065 1155 3150 Excerptis
1186 3068 1354 3150 appareat,

161 3185 225 3249 iam
249 3185 329 3249 mira
351 3185 408 3249 illa
432 3187 572 3251 conditio
597 3209 660 3271 qua
684 3188 775 3251 nobis
800 3190 849 3251 est
873 3192 998 3252 seruata
1022 3187 1158 3271 epistula
1181 3189 1287 3272 potest
1299 3209 1354 3252 ex-

161 3307 282 3391 plicari.
314 3308 482 3373 lntorcidit
512 3308 663 3373 nimirum
694 3331 769 3373 casu
800 3312 938 3394 quodam
969 3331 987 3374 e
1018 3308 1180 3373 communi
1211 3309 1355 3373 omnium

161 3429 337 3493 carminum
362 3430 534 3514 exemplari
557 3433 590 3494 et
611 3431 782 3515 separatim
807 3431 875 3495 sine
894 3430 1058 3515 scriptoris
1078 3431 1354 3495 nominecircum-

161 3549 336 3615 ferebatur:
363 3551 513 3616 nonnulli
536 3553 742 3636 opusculum,
767 3553 826 3618 etsi
849 3553 1038 3618 dissolutum
1062 3575 1079 3617 e
1103 3555 1253 3618 contextu
1277 3574 1352 3631 suo,

161 3669 356 3735 Ouidianum
388 3677 610 3757 agnoucrunt;
638 3675 824 3758 ignorantes
848 3696 923 3771 uero
948 3675 1004 3738 ubi
1027 3680 1107 3739 esset
1131 3674 1353 3752 inserendum,

161 3792 257 3857 uariis
288 3794 374 3858 inter
405 3794 512 3861 Ouidii
543 3817 640 3880 opera
670 3796 748 3860 locis
778 3797 1032 3881 adscripserunt3
1065 3796 1120 3860 alii
1148 3796 1183 3859 in
1215 3817 1352 3860 errorem

161 3912 248 3978 ducti
271 3936 364 3980 uersu
389 3917 428 3980 3:

362 4039 413 4102 An
437 4037 500 4102 nisi
522 4038 652 4123 legisses
675 4041 809 4103 auctoris
831 4041 957 4103 aomina
980 4038 1128 4126 Sapphus

160 4156 318 4240 putabant
337 4157 457 4222 scilicet
478 4158 577 4243 ipsius
596 4157 744 4244 Sapphus
763 4160 951 4244 opusculum
970 4163 1047 4224 ante
1065 4161 1172 4225 oculos
1192 4183 1225 4225 sc
1236 4161 1353 4226 habere

159 4278 292 4363 ideoque
311 4279 396 4344 inter
416 4279 505 4344 uaria
524 4280 686 4350 uariorum
704 4280 893 4366 scriptorum
914 4301 1011 4366 opera
1021 4282 1055 4345 id
1066 4281 1278 4359 collocarunt;
1298 4283 1354 4348 alii

159 4400 295 4486 denique
313 4402 351 4465 de
371 4401 433 4465 alio
453 4405 591 4486 quodam
611 4406 706 4486 poeta
726 4401 839 4465 Latino
859 4440 900 4451 —
921 4401 1049 4466 Tibullo
1061 4403 1198 4467 maximo
1210 4403 1352 4467 uelPro-

158 4523 261 4608 portio
283 4562 323 4573 -
346 4525 538 4609 cogitantes,
560 4525 636 4590 data
654 4525 896 4609 opportunitate
907 4523 1022 4588 horum
1033 4525 1228 4589 carminibus
1240 4545 1353 4610 poema

160 4646 305 4709 nostrum
327 4645 528 4712 addiderunt.
553 4644 643 4721 Quod
666 4647 825 4731 quomodo
849 4646 892 4710 sit
914 4644 1035 4711 factum
1059 4649 1095 4709 ut
1119 4645 1231 4711 melius
1253 4645 1350 4710 intel-
