3380 5346
761 374 824 438 135
874 441 876 446 .

330 513 483 642 Quodque
505 561 618 622 tenens
642 556 787 621 strictum
811 554 895 639 Dido
919 556 1108 622 miserabilis
1131 579 1238 623 ensem
1286 537 1291 544 ’

374 677 486 757 Dicat,
511 681 544 742 et
567 676 700 743 Aeoliae
723 677 832 743 Lesbis
856 677 958 743 amieo
980 678 1069 762 lyrae
1093 717 1134 728 -

194 803 233 865 de
256 799 372 885 quibus
395 799 494 866 dixit:
520 799 735 866 »Jedermann
760 800 840 865 wind
859 801 1021 885 nugeben,
1043 801 1117 866 dass
1137 823 1170 866 es
1190 802 1245 867 das
1264 801 1386 868 Natdr-

192 921 307 988 lichste
338 927 439 1001 wilre,
471 922 523 986 die
554 921 668 987 Worte
700 935 802 988 terum
832 924 972 989 strietum
1004 945 1103 988 eorem
1133 923 1214 988 aueh
1246 923 1306 988 auf
1324 928 1387 990 den

192 1044 396 1109 Pentameter
418 1044 485 1108 und
508 1041 642 1128 folglich
666 1043 724 1108 auf
742 1044 812 1108 eine
836 1042 985 1109 ihuliehe
1001 1042 1163 1109 Situation
1182 1043 1238 1110 der
1257 1044 1386 1131 Sappho

190 1165 226 1230 in
257 1168 328 1230 dem
359 1187 424 1230 von
455 1163 537 1230 Ovid
568 1164 713 1230 wirklioh
738 1164 985 1249 geschriebenen
1010 1164 1115 1230 Briefo
1139 1189 1178 1230 zu
1201 1166 1385 1234 beniehen'’.

191 1286 359 1352 Refutauit
381 1285 459 1352 haee
481 1285 567 1350 haud
590 1284 718 1371 illepide
743 1285 837 1351 Vitus
861 1285 957 1351 Iners
981 1286 1028 1373 (in
1053 1285 1135 1352 Mus.
1160 1287 1264 1353 Rhen.
1288 1288 1331 1356 N.
1353 1288 1385 1355 S.

190 1407 249 1474 IV.
275 1432 306 1493 p.
331 1410 400 1495 42),
432 1409 608 1474 concedens
636 1411 740 1472 totam
771 1407 861 1472 illam
886 1408 1069 1492 opinionem
1093 1429 1222 1494 prorsus
1244 1413 1330 1475 recte
1353 1433 1387 1476 se

190 1530 324 1609 habere,
349 1533 444 1596 modo
466 1551 524 1615 pro
545 1534 602 1596 dos
623 1529 837 1595 Nattrlictstc
856 1529 1014 1614 legeretur
1032 1534 1089 1596 dos
1116 1530 1385 1599 Unnaruetutee!

191 1650 239 1720 Of.
264 1651 360 1717 etiam
386 1653 411 1720 Ι.
436 1651 578 1738 Maehly‚
610 1651 693 1718 Mus.
718 1650 823 1716 Rhen.
848 1651 908 1716 IX.
933 1675 964 1736 p.
991 1653 1067 1720 624.

688 1903 878 1915 ——w

675 2078 819 2145 OAPVT
840 2079 899 2146 IV.

145 2284 148 2290 ·
234 2264 348 2330 Paucis
372 2264 465 2329 annis
489 2267 657 2350 postquam
681 2263 902 2329 Schneidewin
924 2263 1071 2349 Sapphus
1095 2264 1249 2349 epistulae
1272 2267 1383 2332 aueto-

189 2387 317 2451 ritatem
348 2389 381 2451 et
411 2387 507 2452 fidem
538 2391 604 2452 tom
636 2386 749 2452 acriter
772 2386 980 2470 impugnarat
1002 2407 1136 2470 eamque
1160 2386 1202 2451 ab
1224 2386 1385 2456 imitatore

190 2507 327 2592 quodam
351 2509 385 2572 iu
407 2530 524 2573 morem
546 2507 739 2573 Ouidianum
757 2507 907 2592 scriptam
926 2530 992 2573 esse
1012 2511 1231 2586 adseuerarat,
1250 2510 1384 2594 pedibus

189 2629 250 2694 iuit
279 2630 314 2694 in
344 2629 430 2695 illius
463 2631 652 2696 sententiam
684 2628 928 2708 Lachmannus‚
956 2630 1069 2715 quiin
1093 2634 1171 2695 noto
1194 2630 1251 2695 illo
1275 2630 1384 2698 Indice

189 2751 329 2818 Lection.
363 2752 513 2819 Vniuers.
545 2752 650 2820 Berol.
683 2755 759 2818 aest.
795 2751 881 2816 1848
913 2754 1000 2839 (pag.
1036 2753 1069 2838 3)
1094 2753 1237 2837 ineptam
1261 2755 1295 2818 et
1316 2775 1382 2819 non

188 2874 399 2938 excusandam
430 2874 552 2939 iudicat
582 2895 690 2938 eorum
722 2873 997 2959 superstitionem,
1022 2874 1078 2958 qui
1100 2874 1190 2938 illam
1213 2875 1382 2960 epistulam

187 3018 226 3061 ex
250 2997 445 3062 editionibus
468 2995 635 3062 Ouidianis
658 2997 821 3062 noluerint
843 2997 952 3062 eicere.
972 2996 1020 3062 Eo
1040 3000 1147 3062 autem
1167 2999 1208 3062 ad
1227 2997 1380 3064 iudicium

186 3122 255 3183 tam
289 3139 433 3183 seuerum
469 3119 636 3183 ferendum
659 3119 814 3183 adductus
837 3122 886 3182 est
901 3118 1144 3203 Lachmannua,
1165 3123 1251 3204 quod
1271 3120 1380 3186 obser·

187 3261 279 3305 nasse
301 3240 362 3304 sibi
389 3244 457 3304 erat
479 3241 565 3304 uisus
589 3240 624 3304 in
639 3263 693 3326 us.
721 3241 785 3306 139
809 3240 889 3305 illud
908 3241 1041 3328 fatalis
1054 3242 1205 3307 motem
1217 3245 1381 3327 sumptum

187 3384 253 3427 esse
276 3385 293 3428 e
316 3361 398 3426 libro
424 3366 513 3426 sexto
537 3362 669 3430 Lucani.
694 3361 763 3438 Qua
787 3362 822 3426 in
846 3385 880 3427 re
904 3363 1005 3428 secuti
1028 3367 1105 3428 sunt
1124 3384 1196 3427 eum
1216 3363 1278 3427 uiri
1295 3363 1381 3429 docti

186 3484 380 3571 complures,
412 3483 524 3569 Haupt
537 3482 573 3571 l),
604 3484 697 3549 Riese
711 3485 748 3570 ²),
781 3483 853 3548 Birt
865 3485 901 3570 ³),
933 3484 1003 3562 alii,
1028 3484 1223 3568 inquorum
1247 3506 1380 3549 numero

186 3610 219 3672 et
249 3607 325 3673 Luc.
359 3607 492 3672 Mueller
522 3614 570 3672 est
602 3608 655 3693 (de
684 3628 718 3670 re
743 3615 834 3672 metr.
858 3629 890 3691 p.
916 3607 985 3693 49),
1010 3606 1065 3691 qui
1090 3607 1169 3671 adeo
1192 3605 1254 3671 hac
1277 3605 1380 3671 Lach-

185 3731 298 3794 manni
327 3730 606 3815 argumentatione
637 3732 685 3794 est
715 3729 896 3807 conuictus,
921 3731 971 3814 ut,
997 3751 1190 3815 quamquam
1216 3729 1306 3796 nulla
1327 3731 1381 3795 in-

186 3854 279 3915 terna
306 3852 424 3917 fraudis
449 3852 585 3937 uestigia
607 3851 800 3929 inuenisset,
824 3873 924 3915 unum
947 3855 1056 3916 tamen
1074 3853 1209 3938 furialis
1232 3852 1380 3925 Erichtho

185 3973 248 4037 iam
281 3973 357 4036 satis
387 3973 565 4039 luculenter
594 3974 812 4038 demonstrare
842 3975 972 4058 putaret
1003 3973 1173 4058 epistulam
1202 3973 1378 4058 genuinum

187 4093 294 4160 Ouidii
317 4115 397 4178 opus
420 4115 487 4158 non
511 4117 586 4162 esse.

231 4216 418 4282 Rectissime
447 4238 540 4301 uere,
574 4219 608 4281 ni
636 4218 748 4300 fallor,
779 4217 985 4282 Lachmanno
1015 4239 1034 4280 a
1066 4213 1283 4302 Comparettio
1306 4216 1397 4306 (1.1..

185 4373 350 4383 ——.-

220 4446 247 4510 1)
266 4444 330 4512 apio.
348 4447 419 4494 Drne.
436 4460 460 4509 p.
478 4445 519 4493 24.

219 4529 248 4594 2)
265 4529 344 4577 Praef.
360 4527 387 4576 in
403 4526 475 4576 Ouid.
493 4527 559 4577 rom.
579 4528 598 4576 1.
617 4543 641 4592 p.
659 4529 689 4577 X.

221 4611 297 4677 a)1n
315 4612 380 4660 Mus.
399 4609 476 4659 Rhen.
494 4608 612 4660 XXXII.
629 4626 652 4676 p.
672 4611 727 4662 388.
746 4629 770 4662 n.
789 4613 810 4661 2.
