3386 5346
755 374 796 437 51

185 555 255 620 dem
291 556 383 621 nimis
406 557 563 621 insulsum
587 559 621 621 et
642 556 806 622 inficetum
829 558 909 622 mihi
933 558 1058 623 uidetur
1082 561 1256 643 poetaeque
1281 560 1380 624 nost'

186 676 317 761 ingenio
341 699 470 762 prorsus
493 678 673 763 indignum.

231 797 369 883 Dignius
392 800 535 883 profecto
560 803 593 864 et
615 802 858 866 conuenientius
879 825 926 869 us.
953 804 996 867 34
1020 803 1097 868 dicit
1120 802 1250 889 Sappho
1264 825 1382 869 nomen

184 921 245 986 sibi
276 943 342 986 esse
373 926 456 1008 qnod
480 935 579 987 terras
602 924 731 1011 impleat
755 947 857 988 omnes
882 946 1125 1010 mensuramque
1151 925 1217 989 eius
1241 927 1382 991 nominis

184 1042 260 1108 ferri
285 1066 304 1108 a
327 1066 360 1108 se
382 1044 469 1128 ipsa,
490 1048 528 1108 ut
551 1045 759 1110 consimiliter
783 1068 822 1110 ex
846 1046 940 1111 Pont.
965 1046 992 1112 I.
1018 1047 1048 1111 2.
1076 1048 1113 1112 1:

435 1166 592 1245 Maxime,
617 1167 672 1252 qui
697 1167 780 1232 tanti
803 1190 985 1233 mensuram
1010 1169 1150 1234 nominis
1174 1169 1297 1255 imples,

184 1284 270 1353 Fast.
284 1285 310 1350 Ι.
325 1287 408 1352 603:
430 1287 569 1372 Magne,
594 1292 685 1352 tuum
710 1312 827 1354 nomen
850 1312 957 1355 rerum
980 1294 1029 1356 est
1053 1313 1202 1356 mensura
1221 1295 1360 1358 tuarum.

185 1407 262 1472 Met.
276 1407 350 1473 XII.
364 1408 429 1473 617
444 1431 509 1495 sq.:
535 1409 582 1474 At
606 1411 688 1475 uiuit
711 1414 816 1476 totum
840 1433 921 1497 quae
944 1413 1047 1497 gloria
1070 1414 1229 1499 compleat
1253 1414 1382 1480 orbem:

537 1530 625 1597 Haeo
647 1533 696 1596 illi
720 1555 869 1599 mensura
888 1534 957 1599 uiro
983 1537 1154 1620 respondet
1182 1575 1222 1586 -

186 1651 262 1717 Her.
289 1652 346 1718 IX.
374 1654 455 1720 109:
537 1654 591 1719 Illi
613 1655 759 1740 procedit
782 1677 888 1720 rerum
913 1678 1061 1720 mensura
1085 1660 1223 1721 tuarum.

231 1773 313 1842 (lum
336 1797 411 1842 uero
435 1799 544 1841 uersus
569 1779 731 1842 334-34ι
755 1778 796 1843 ab
819 1778 1049 1863 interpolatore
1073 1779 1211 1863 quodam
1236 1802 1302 1844 esse
1326 1781 1383 1845 ad-

187 1899 270 1963 ditos
296 1936 337 1948 -
363 1902 400 1964 ut
430 1899 590 1984 putabant
621 1899 756 1964 editores
780 1899 923 1985 plerique
948 1937 989 1949 -
1014 1900 1083 1964 ueri
1106 1922 1173 1965 non
1196 1901 1237 1965 sit
1261 1901 1381 1988 simile,

186 2042 296 2086 uersus
326 2023 435 2086 tamen
468 2023 525 2088 34³
556 2022 601 2086 sic
629 2024 667 2085 ut
689 2043 777 2086 nnnc
801 2023 850 2085 004
873 2021 948 2086 ferri
972 2025 1108 2105 nequeat
1131 2043 1189 2086 nec
1213 2023 1385 2088 concordet

187 2166 258 2208 cum
283 2167 345 2212 000.
371 2145 506 2210 33-34
529 2148 621 2230 (qnos
646 2143 754 2228 utique
777 2165 845 2208 esse
869 2143 1023 2228 genuinos
1047 2143 1098 2208 uel
1123 2165 1140 2208 0
1160 2145 1385 2209 uetustissimis

187 2264 264 2330 Exc.
298 2267 398 2331 Paris.
428 2267 591 2352 apparet),
616 2266 697 2331 solui
720 2286 812 2350 posse
841 2266 943 2330 nodus
966 2265 1028 2330 hoc
1051 2288 1116 2330 uno
1142 2267 1235 2330 modo
1257 2267 1384 2331 uidetur

186 2387 213 2452 si
236 2391 358 2452 statuas
381 2389 558 2472 genuinum
581 2387 708 2473 quidem
733 2409 799 2452 0000
822 2387 984 2452 distichon
1007 2387 1087 2451 illud
1110 2389 1290 2467 332-342,
1312 2408 1384 2453 uer-

187 2531 256 2574 sum
292 2513 401 2574 tamen
438 2511 495 2574 34Ε
528 2509 620 2574 foede
655 2532 721 2574 0000
755 2512 958 2594 corruptum,
993 2509 1111 2594 qnippe
1143 2511 1177 2574 in
1210 2532 1273 2596 quo
1304 2514 1385 2576 esset

188 2631 348 2716 agendum
371 2632 417 2697 ,de
448 2631 606 2697 breuitate
638 2653 704 2696 non
737 2632 877 2697 nominis
900 2635 954 2696 sed
979 2632 1135 2716 eorporis,
1161 2636 1198 2696 ut
1221 2633 1314 2698 docet
1336 2657 1382 2698 us.

192 2756 251 2832 33,
277 2754 332 2818 nbi
356 2739 485 2839 Sappho
509 2755 685 2820 concedens
708 2777 841 2840 paruam
865 2755 926 2820 sibi
948 2777 1015 2820 esse
1038 2758 1194 2820 staturam
1214 2755 1382 2835 exclamat

190 2875 268 2942 Sum
298 2878 417 2942 breuis:
448 2889 483 2942 at
510 2901 620 2943 nomen
651 2880 711 2943 004.
747 2877 859 2943 Totius
889 2878 991 2963 igitur
1021 2877 1084 2942 loci
1115 2878 1275 2943 sententia
1306 2878 1385 2943 haec

189 2997 256 3064 fere
285 2998 383 3064 fuisse
418 3001 564 3066 uidetur:
612 3000 712 3067 »Noli
747 3022 798 3065 me
833 3000 992 3084 despicere
1027 3003 1114 3085 quod
1147 3023 1216 3066 sum
1251 3022 1382 3086 corpore

190 3144 290 3206 parua
314 3121 357 3208 1),
395 3122 463 3187 noli
496 3123 665 3207 ingenium
698 3144 804 3186 meum
828 3121 933 3185 metiri
957 3143 995 3185 ex
1019 3121 1133 3185 humili
1156 3143 1227 3186 mea
1251 3124 1381 3187 statura.

191 3240 331 3328 Corpore
362 3266 432 3308 sum
462 3243 596 3329 exiguo,
628 3243 747 3322 fateor,
781 3246 835 3308 004
862 3264 979 3308 nomen
1004 3243 1082 3306 mihi
1104 3244 1153 3307 est
1175 3263 1327 3326 magnum
1352 3245 1385 3306 et

190 3365 349 3451 amplum,
375 3366 477 3452 gloria
500 3389 570 3432 mea
593 3389 650 3452 per
674 3388 802 3430 omnem
826 3368 982 3431 terrarum
1006 3366 1115 3431 orbem
1137 3367 1186 3430 est
1204 3365 1381 3430 celebrata:

191 3486 274 3571 haec,
292 3491 341 3554 est
363 3499 528 3567 mensura,
553 3511 616 3573 qua
640 3487 745 3553 metiri
767 3510 818 3552 me
841 3488 969 3554 debes.”

237 3609 402 3685 Quomodo
435 3613 541 3676 autem
573 3633 620 3676 us.
655 3611 712 3675 348
743 3613 879 3696 apoeta
902 3610 1000 3675 fuerit
1022 3610 1174 3695 scriptus,
1201 3609 1290 3673 nulla
1314 3632 1384 3674 um·

190 3757 286 3820 quam
308 3735 492 3800 coniectura
516 3735 684 3820 quisquam
710 3737 903 3819 assequetur.
929 3731 1010 3799 (lum
1034 3733 1119 3797 enim
1140 3732 1262 3798 librarii
1274 3732 1384 3798 oculus

191 3857 231 3922 ab
262 3857 323 3922 hoc
354 3880 448 3923 uersu
472 3858 511 3922 ad
535 3860 720 3941 sequentem
743 3859 997 3942 pentametrum,
1021 3856 1137 3922 similia
1161 3857 1257 3922 uerba
1281 3857 1384 3922 conti·

191 3982 338 4058 nentem,
362 3980 409 4044 ita
432 3979 629 4045 aberrauerit
652 3984 688 4044 ut
711 3982 883 4063 utrumque
907 4001 953 4044 00.
978 3979 1140 4064 misceret,
1168 3981 1237 4044 tota
1256 3983 1384 4044 restam

190 4102 303 4167 misere
332 4105 380 4167 est
412 4102 616 4186 perturbata,
641 4103 678 4166 ut
701 4101 736 4165 in
759 4101 922 4185 integrum
946 4101 1071 4166 restitui
1095 4101 1158 4166 iam
1183 4122 1250 4166 non
1273 4100 1383 4185 possit.

224 4363 252 4429 1)
276 4364 337 4413 Onrn
360 4377 406 4412 000.
431 4365 477 4412 aaa
493 4364 544 4412 Nee
560 4378 596 4412 me
612 4361 726 4426 despicio
742 4361 816 4410 sirim
826 4360 1052 4424 tilieorporeparua
1062 4360 1198 4410 conferatur
1209 4359 1386 4408 Pseudo-Ouid.

191 4447 220 4496 40
242 4447 338 4497 aurium
358 4446 514 4496 medicamine
537 4444 657 4510 (Scabodii
681 4443 746 4494 Bibl.
771 4444 825 4493 crit.
844 4444 917 4494 1829.
937 4459 960 4492 n.
979 4444 1009 4492 61
1015 4464 1022 4502 ;
1044 4445 1125 4502 Kunz,
1143 4442 1179 4492 l.l.
1197 4459 1220 4507 p.
1238 4441 1282 4505 29)
1303 4456 1337 4491 ns.
1355 4442 1385 4492 l:

191 4531 228 4580 Ne
243 4529 290 4579 titi
306 4529 454 4594 displiceam,
471 4527 529 4591 quia
544 4528 578 4576 sie
593 4543 645 4576 eum
662 4542 754 4584 corpore
768 4542 864 4591 peneus.
884 4525 920 4575 ef.
939 4525 1063 4575 Theodulf.
1082 4524 1205 4574 Aurelian.
1221 4524 1301 4573 (larm.
1311 4522 1347 4572 II.
1360 4522 1388 4573 2.

191 4629 225 4664 ne.
245 4614 290 4663 312
310 4613 361 4662 Nee
378 4611 423 4662 tibi
438 4610 580 4675 displiceant
595 4610 705 4674 quonaone
721 4615 778 4660 ssent
795 4624 889 4673 corpore
902 4624 987 4672 panea.
