3380 5346
910 384 973 451 130

501 567 602 645 Quam
625 569 688 633 cito
712 568 750 634 de
774 571 844 633 toto
868 568 962 634 rediit
985 589 1072 633 meus
1096 568 1172 633 orbe
1195 567 1352 646 Sabinus,

546 692 733 778 Scriptaque
756 692 888 757 diuersis
912 691 1039 756 rettulit
1056 691 1110 755 ille
1133 691 1229 757 locis!

421 796 423 800 ’
489 814 633 882 casua
651 814 809 898 Penelope
832 814 961 898 agnum
985 814 1137 898 cognouit
1161 813 1287 879 elixa:

546 937 641 1022 Legit
663 938 704 1002 ab
727 935 904 1022 Hippolyto
929 936 1046 1020 scripta
1071 956 1209 1001 nouerca
1233 957 1310 1001 suo:

499 1059 565 1124 lam
589 1060 660 1144 pius
683 1057 808 1124 Aeneas
832 1059 963 1124 miserae
986 1058 1149 1143 rescripsit
1171 1057 1312 1123 Elissae:

545 1182 698 1268 Quodque
720 1182 807 1267 legat
829 1181 970 1268 Phyllis,
991 1182 1018 1246 si
1042 1182 1136 1246 modo
1160 1181 1265 1260 uiuit,
1291 1181 1397 1247 adest:

500 1306 613 1370 Tristis
636 1306 676 1370 ad
700 1303 900 1390 Hypsipylen
925 1305 966 1368 ab
990 1305 1103 1370 Iasone
1126 1303 1235 1369 littera
1259 1305 1356 1370 uenit.
1431 1315 1433 1318 '

544 1427 609 1493 Det
630 1432 739 1493 uotam
763 1426 892 1493 Phoebo
915 1426 1026 1491 Lesbia
1050 1430 1157 1492 amata
1179 1425 1292 1511 lyram.

387 1549 486 1627 Quem
516 1572 641 1615 uersum
661 1551 810 1629 ultimum
832 1548 1016 1635 rectissime]-
1028 1549 1260 1633 interpretatus
1285 1552 1333 1614 est
1357 1547 1533 1615 Schneide-

340 1673 419 1738 win:
454 1671 605 1756 »Sappho
635 1672 698 1736 iam
730 1672 835 1736 fausto
859 1691 1010 1756 responso
1035 1693 1054 1734 a
1076 1669 1208 1735 Phaone
1232 1668 1409 1734 exhilarata
1423 1707 1463 1719 -
1477 1690 1535 1753 per

338 1793 451 1861 Sabini
473 1794 643 1880 epistulam
668 1833 709 1843 ·-
733 1797 766 1858 et
788 1797 912 1871 amata,
935 1792 1037 1878 lyram
1062 1796 1170 1857 uotam
1194 1792 1324 1857 Phoebo
1348 1791 1478 1859 donet”.

384 1916 435 1982 Ex
465 1917 526 1981 hoo
555 1920 662 1982 autem
693 1917 763 1980 loeo
796 1915 893 1981 efficit
926 1914 1147 1982 Schneidewin
1182 1910 1329 1998 Sapphus
1363 1914 1535 1999 epistulam
1602 1970 1604 1976 .

339 2038 489 2122 scriptam
521 2060 587 2103 esse
615 2059 681 2102 non
705 2038 745 2102 ab
769 2035 884 2102 Ouidio
908 2040 961 2102 sed
986 2038 1026 2102 ab
1049 2037 1210 2102 imitatore
1235 2039 1373 2121 quodam
1397 2035 1535 2120 ineptis·

340 2161 438 2238 simo,
468 2161 523 2246 qui
553 2161 592 2225 ad
620 2159 712 2224 illum
743 2182 868 2225 uersum
900 2159 973 2224 Am.
1006 2159 1050 2226 ΙΙ.
1078 2159 1130 2224 18.
1157 2160 1217 2236 34,
1243 2181 1356 2244 parum
1381 2181 1401 2223 a
1425 2181 1458 2224 se
1477 2158 1536 2258 in-

337 2282 518 2365 tellectum,
544 2304 690 2368 peruerse
713 2282 883 2347 admodum
906 2281 1079 2370 respexerit
1100 2302 1194 2346 uersu
1221 2283 1304 2347 181:

429 2403 509 2468 Inde
532 2403 646 2488 chelyn
670 2403 817 2482 Phoebo,
842 2402 1024 2468 communia
1047 2424 1198 2479 munera,
1223 2424 1342 2487 ponam
1365 2439 1405 2452 -

336 2526 393 2592 ubi
422 2526 542 2592 scilieet
572 2527 775 2612 Sapphonem
807 2546 923 2591 uouere
942 2525 1045 2610 lyram
1064 2524 1228 2610 Apollini,
1252 2547 1318 2590 non
1343 2525 1370 2590 si
1392 2523 1491 2590 fuerit
1515 2547 1536 2590 a

336 2647 468 2714 Phaone
491 2651 615 2725 amata,
639 2650 694 2714 sed
717 2649 744 2713 si
765 2648 876 2713 illaesa
896 2669 935 2712 ex
953 2646 1038 2712 saltu
1053 2646 1208 2712 Leucadio
1223 2647 1359 2712 euaserit
1370 2651 1402 2712 et
1414 2648 1534 2714 amoris

337 2773 426 2834 aestu
449 2769 545 2835 fuerit
566 2769 701 2835 liberata
713 2767 751 2854 ¹).

378 2890 552 2976 Attamen,
578 2894 615 2955 ut
637 2891 785 2956 omittam
807 2891 938 2956 interim
962 2890 1025 2955 alia
1048 2895 1240 2976 argumenta
1264 2893 1304 2956 ad
1327 2891 1528 2977 impugnan-

337 3013 410 3078 dam
433 3012 522 3076 illam
544 3013 735 3077 sententiam
759 3013 891 3096 idonea,
917 3035 980 3097 qua
1004 3014 1133 3078 tandem
1157 3013 1282 3078 ratione
1304 3013 1405 3098 possit
1428 3013 1534 3098 expli-

338 3134 402 3201 cari
426 3135 580 3219 epistulae
604 3139 732 3219 poetam
755 3135 860 3201 locum
879 3135 971 3200 illum
991 3158 1030 3201 ex
1050 3137 1223 3201 Amoribus
1235 3158 1300 3201 non
1313 3135 1532 3202 intellexisse?

337 3256 422 3323 Nam
453 3257 576 3321 etiamsi
599 3256 653 3321 ille
678 3279 744 3322 non
764 3257 862 3322 fuerit
884 3256 1040 3336 Ouidius,
1064 3261 1118 3322 sed
1141 3259 1284 3323 imitator
1308 3258 1414 3323 nescio
1438 3258 1533 3343 quis,

336 3381 407 3443 tota
436 3377 616 3444 mehercule
635 3376 773 3463 epistula
796 3379 938 3444 ostendit
960 3377 1056 3443 fuisse
1078 3379 1241 3444 hominem
1265 3383 1297 3444 et
1319 3379 1365 3443 rei
1387 3379 1533 3464 poeticae

337 3499 562 3584 peritissimum
588 3499 676 3563 etin
700 3502 786 3577 arte,
810 3521 873 3584 qua
896 3500 1063 3566 excelleret
1086 3498 1236 3579 Ouidius,
1261 3500 1434 3584 plurimum
1457 3523 1531 3566 uer·

335 3625 450 3687 satum.
479 3620 523 3687 Et
553 3643 616 3706 quo
649 3623 742 3686 modo
773 3621 841 3686 ueri
870 3625 919 3686 est
948 3621 1050 3686 simile
1078 3620 1234 3686 eiusmodi
1265 3622 1452 3707 scriptorem
1471 3621 1532 3687 illa

335 3747 439 3808 aetate
468 3764 536 3808 non
567 3741 759 3807 intellexisse
789 3745 876 3827 quod
907 3743 968 3808 hac
995 3747 1106 3808 nostra
1129 3746 1233 3809 aetate
1257 3744 1362 3828 quiuis
1386 3745 1438 3808 uel
1461 3766 1530 3810 me-

334 3863 483 3929 diocriter
504 3863 619 3929 litteris
641 3864 783 3929 imbutus
807 3865 896 3929 nullo
920 3866 1050 3949 negotio
1074 3865 1243 3950 intellegat
1252 3863 1304 3951 Ἢ
1329 3864 1428 3941 Quasi
1450 3886 1530 3930 uero

335 3984 471 4050 difficilis
493 3985 536 4050 sit
555 3985 606 4049 uel
630 3989 794 4051 contortus
817 3986 924 4051 locus:

364 4191 391 4256 1)
409 4191 507 4241 adsensi
524 4192 581 4240 eunt
597 4188 774 4240 Schneidewino
790 4188 816 4236 in
832 4187 876 4237 illa
890 4187 1001 4253 opinione
1016 4188 1044 4239 C.
1058 4190 1146 4248 Lchrs.
1157 4191 1196 4241 die
1212 4195 1373 4256 affraenata
1384 4188 1528 4240 Ovidi-cetere

330 4273 454 4324 Heraidea
469 4274 495 4323 in
512 4275 622 4323 Prooem.
639 4273 669 4322 ud
687 4271 830 4331 Horatium,
847 4287 871 4335 p.
890 4270 1023 4322 CCXXlV.
1040 4289 1073 4333 n.‚
1090 4274 1118 4323 Δ.
1137 4274 1217 4334 Riese,
1238 4275 1317 4324 Praef.
1333 4274 1362 4322 ad
1371 4274 1444 4326 Ouid.
1454 4274 1524 4335 Tem,

334 4357 355 4406 Ι.
372 4373 396 4422 p.
414 4357 444 4407 X.
461 4372 484 4406 u.
506 4357 530 4414 l,
550 4355 599 4405 ulii.

365 4440 392 4502 2)
411 4439 514 4488 Minime
532 4453 589 4487 nero
605 4436 727 4501 sequimur
744 4436 939 4487 Bodeusteiuium
955 4441 1081 4502 negantem
1097 4439 1132 4488 ll.
1150 4455 1202 4505 pag.
1222 4441 1250 4499 6,
1268 4439 1289 4488 ei
1308 4454 1391 4489 reuera
1406 4456 1454 4490 non
1469 4455 1529 4490 con-

331 4524 445 4586 gruerent
461 4521 525 4570 inter
542 4536 566 4569 ee
582 4535 642 4584 quse
660 4519 688 4567 de
704 4519 812 4584 epistulis
828 4519 877 4568 auis
894 4520 981 4570 dixerit
998 4521 1100 4571 Ouidius
1117 4525 1141 4571 et
1161 4539 1187 4571 ea
1205 4539 1265 4587 quae
1282 4522 1308 4573 in
1327 4523 1384 4588 ipsis
1401 4523 1529 4589 legantur,

331 4603 405 4654 ctiam
431 4607 488 4654 tuno
513 4602 658 4651 Ouidianam
682 4617 764 4651 earum
791 4601 907 4666 originem
925 4619 992 4670 posse
1010 4604 1117 4664 admitti;
1136 4605 1252 4656 Ouidium
1269 4606 1333 4657 enim
1350 4606 1532 4672 singularunm
