3386 5346
756 421 798 486 65

225 601 282 668 Vs.
308 603 360 667 64.
392 601 568 674 M1xraova
592 622 656 666 cvu
687 622 783 665 uvam
808 620 919 664 naum
949 621 1075 666 procae
1107 623 1212 668 rvurr.
1233 604 1273 670 cf.
1299 605 1373 670 Am.

179 721 239 788 III.
264 723 293 788 7.
321 723 378 788 72:
403 723 521 788 lhietia
545 745 616 788 cum
641 743 759 807 magno
783 725 901 787 damna
922 725 1043 807 pudore
1065 723 1150 790 tulit.

226 843 265 910 cf.
300 845 374 910 Am.
410 844 436 910 I.
476 846 527 910 13.
564 846 621 922 20;
657 845 719 911 Ill.
753 846 782 909 3.
818 845 878 921 163
910 844 950 912 A.
976 845 1017 911 Α.
1049 845 1374 931 I.186;Met.XI.

183 967 265 1051 1803
289 965 384 1031 Trist.
409 966 470 1031 ΙΙΙ.
496 967 527 1031 8.
553 968 611 1044 34;
635 965 720 1031 Faet.
745 967 772 1031 I.
798 967 860 1044 603
883 969 944 1032 cet.
1408 955 1410 959 ⁵

226 1211 283 1276 Vs.
309 1211 362 1277 67.
388 1210 443 1275 Mu
469 1231 594 1283 ovoova
619 1231 702 1283 ovoo
727 1231 829 1276 uoavr
855 1231 939 1274 auur
966 1233 1072 1276 arvum
1097 1231 1372 1275 rroeurruaoorr.

182 1331 223 1397 cf.
247 1332 366 1398 Herod.
389 1332 433 1397 ΙΙ.
460 1331 540 1398 135:
577 1331 717 1413 Χάραξος
742 1335 779 1405 ὥς
805 1333 979 1411 λυσάμενος
1004 1334 1144 1399 Ῥοδῶπιν
1169 1333 1377 1410 ἀπενόστησεν

183 1454 212 1526 ἐς
238 1455 433 1532 Μυτιλήνην,
458 1455 488 1518 ἐν
511 1455 604 1532 μέλεϊ
626 1457 753 1536 Σοοπφὼ
778 1455 884 1520 πολλοὶ
910 1455 1158 1535 κατεκερτόμησέ
1184 1479 1245 1534 μιν.
1261 1453 1286 1543 ¹)

231 1597 315 1640 erue
347 1597 455 1641 uvare
486 1576 527 1643 cf.
552 1577 648 1642 Triet.
680 1577 706 1642 Ι.
733 1580 763 1644 7.
792 1577 831 1641 15
859 1615 899 1626 -
931 1580 1001 1643 benc
1021 1579 1120 1643 multa
1144 1601 1300 1656 meorum,
1323 1577 1380 1641 ubi

168 1696 225 1763 cf.
250 1696 410 1765 Heinsius.

230 1942 288 2012 Vs.
302 1947 355 2010 68.
381 1944 454 2010 Ηοο
474 1965 550 2010 mur
571 1965 739 2031 craterae,
767 1966 831 2011 eoo
855 1966 909 2010 rra
930 1965 1049 2010 urueva
1072 1965 1181 2013 oeorr.
1202 1944 1377 2012 Schneide-

186 2067 251 2131 win
274 2067 360 2131 inter
381 2071 587 2151 argumenta,
612 2068 751 2153 quaein
775 2067 857 2132 Mus.
883 2068 986 2132 Rhen.
1010 2067 1098 2133 1843
1116 2091 1148 2152 p.
1175 2069 1238 2132 143
1258 2067 1381 2152 profert

185 2191 223 2253 ut
242 2189 449 2276 ¹demonstret
478 2189 563 2254 hanc
595 2188 764 2274 epistulam
797 2189 837 2253 ab
867 2187 982 2253 Ouidio
1014 2210 1081 2253 non
1112 2211 1179 2253 ease
1210 2189 1379 2273 scriptam,

186 2331 287 2374 unum
306 2309 404 2375 habet
424 2311 510 2395 quod
528 2310 630 2376 refelli
641 2311 791 2376 facillime
811 2314 934 2396 potest,
956 2311 1076 2376 scilicet
1094 2311 1182 2376 hunc
1193 2333 1240 2376 ue.
1255 2314 1381 2376 desum·

185 2432 278 2515 ptum
301 2431 403 2496 uideri
427 2454 466 2496 ex
489 2431 634 2518 Propert.
660 2432 702 2496 ll.
730 2433 783 2498 28.
810 2434 867 2498 14:

372 2552 443 2619 Hoc
465 2554 525 2618 tibi
548 2554 660 2639 lingua
684 2576 820 2634 nocens,
844 2555 905 2621 hoc
930 2555 990 2620 tibi
1013 2555 1118 2620 forma
1140 2556 1237 2620 dedit.

232 2674 333 2752 Quam
364 2676 449 2740 enim
479 2676 662 2761 frequenter
694 2676 826 2742 Ouidius
849 2677 1008 2762 Propertii
1033 2677 1141 2762 elegiis
1165 2678 1207 2742 eit
1232 2699 1324 2754 ueue,
1350 2678 1383 2741 et

186 2819 283 2882 quam
312 2797 415 2862 multa
437 2821 475 2863 ex
499 2799 538 2863 iia
562 2799 787 2885 desumpserit,
819 2822 870 2866 ree
894 2803 942 2865 est
965 2801 1131 2865 notissima
1154 2822 1212 2866 nec
1235 2800 1382 2885 pluribus

185 2918 394 2998 illustranda,
425 2942 498 2985 cum
528 2921 715 3006 praesertim
746 2919 784 2985 Α.
809 2921 849 2987 R.
883 2921 1031 3006 Zingerle
1053 2923 1192 3006 plurima
1215 2921 1309 2986 huius
1334 2921 1379 2985 rei

187 3039 332 3125 exempla
367 3041 537 3126 diligenter
571 3043 733 3127 collegerit
773 3042 825 3109 in:
863 3041 951 3109 Octd.
984 3046 1049 3108 und
1077 3047 1141 3109 acia
1179 3043 1384 3108 Verhceltniac

186 3164 246 3226 cet.
270 3161 359 3228 Faec.
381 3164 409 3228 Ι.

234 3397 291 3467 Vs.
329 3399 383 3464 69.
422 3395 515 3465 Riese
556 3420 573 3462 e
602 3399 635 3486 f.
671 3395 806 3482 recepit:
840 3396 886 3462 Et
921 3410 1082 3484 tamquam
1117 3397 1194 3461 derit
1227 3415 1304 3481 quac
1338 3416 1386 3460 mc

190 3523 246 3588 hac
268 3525 332 3587 aine
354 3545 429 3587 cura
447 3521 582 3608 fatigem
614 3520 717 3584 multo
739 3523 847 3584 tamen
871 3522 1033 3604 praestare
1047 3505 1247 3602 ¹sensumque
1271 3515 1384 3580 melio·

190 3665 256 3708 rem
289 3643 439 3728 praebere
469 3642 549 3707 mihi
581 3643 705 3707 uidetur
736 3642 822 3726 quod
853 3642 902 3706 est
923 3639 958 3704 in
981 3639 1111 3724 reliquis
1135 3638 1314 3704 codicibus:
1338 3635 1385 3700 Er

191 3784 346 3838 rauovuu
370 3785 484 3831 oeemr
510 3784 592 3836 ovea
618 3784 663 3827 uu
691 3783 765 3828 sucu
790 3783 867 3826 rme
892 3781 1062 3826 remoror.

236 3888 339 3965 Quam
370 3891 476 3952 autem
499 3886 682 3979 frequeutcr
704 3884 837 3949 Ouidius
860 3883 1042 3948 adhibuerit
1064 3885 1127 3948 aine
1143 3885 1211 3970 fiac
1233 3880 1295 3945 hoc
1317 3881 1387 3966 ipso

191 4010 368 4076 hexametri
390 4009 460 4074 loco
484 3997 739 4073 docet'collectie
759 4005 912 4089 exemplis
925 4004 1081 4088 Zingerle,
1099 4002 1187 4068 Oaid.
1201 4028 1231 4067 οι.
1245 4028 1269 4067 a.
1294 4002 1387 4069 Verb.

193 4137 252 4198 cet.
276 4132 303 4196 I.
329 4151 403 4216 pag.
432 4130 481 4194 18.

195 4286 359 4297 -ι-ῌ--ι

228 4363 252 4424 1)
269 4377 310 4424 μιν
333 4360 348 4411 i.
367 4377 387 4410 c.
411 4359 560 4419 charorum,
584 4375 631 4408 uon
658 4356 836 4424 Rhodopidern;
863 4357 954 4406 fruet-ra
979 4354 1043 4406 cuim
1061 4370 1089 4405 ex
1106 4354 1229 4404 Athenaeo
1254 4352 1326 4404 XIII.
1355 4352 1386 4400 89

194 4445 303 4495 euincere
326 4445 470 4494 studuerunt
492 4444 522 4492 N.
542 4442 607 4491 Baoh
630 4441 730 4506 (huual.
748 4439 832 4507 philol.
852 4443 877 4489 et
894 4439 961 4505 prod.
979 4440 999 4488 1.
1019 4439 1098 4498 1826,
1116 4453 1138 4503 p.
1155 4436 1216 4496 400)
1234 4439 1259 4484 et
1275 4434 1387 4484 Weloker

195 4527 263 4593 (ibid.
286 4527 330 4577 VI.
354 4527 427 4584 1828,
451 4541 474 4590 p.
492 4525 550 4583 894)
572 4540 614 4584 μιν
636 4524 666 4572 ad
682 4523 830 4573 meretricem
853 4537 902 4571 esee
920 4521 1082 4570 referendum:
1102 4519 1131 4569 ol.
1151 4519 1231 4567 Baebr
1247 4517 1276 4566 ad
1294 4516 1386 4566 Herod.

194 4610 281 4671 l.l.,0
309 4609 335 4660 ll.
353 4608 439 4658 Kleino
456 4607 482 4656 iu
499 4606 615 4656 Zeitachr.
631 4606 653 4669 f.
672 4605 779 4654 Altertlr.
801 4603 938 4653 Wiraeaaclae.
959 4604 1034 4661 183⁶,
1051 4619 1074 4666 p.
1094 4602 1142 4650 188
1160 4616 1194 4663 eq.

1272 4697 1286 4744 5
