3386 5346
900 362 941 427 16

316 569 447 615 manum
482 547 645 612 seruantes
680 543 752 628 plus
784 543 930 608 minusue
960 542 1135 626 integram,
1170 542 1306 606 alterum
1336 541 1424 624 illos,
1457 541 1514 626 qui

314 668 499 735 recentioris
532 667 603 731 aeui
635 666 804 730 doctorum
836 663 950 728 studiis
973 666 1092 727 temere
1115 667 1191 727 sunt
1215 661 1332 726 mutati
1355 664 1388 726 et
1410 662 1513 727 inter·

316 791 436 876 potati,
467 789 514 852 ita
544 791 580 852 ut
611 809 692 872 quae
724 784 924 870 singulorum
955 788 1033 850 sunt
1062 785 1193 870 propria
1224 805 1291 848 non
1323 784 1424 868 pluris
1446 784 1517 848 sint

316 911 515 976 aestimanda
534 931 630 994 quam
651 907 851 973 coniecturae
870 906 911 970 ab
930 907 995 972 illis
1012 906 1149 971 librariis
1168 907 1329 992 prolatae3
1349 907 1515 972 nonnullis

317 1035 427 1098 temen
449 1031 527 1096 locis
551 1033 592 1094 ad
615 1030 698 1094 iuste
724 1029 985 1095 constituendum
1008 1028 1162 1112 epistulae
1185 1031 1370 1094 contextum
1394 1028 1515 1113 aliquid

317 1155 431 1219 saltem
454 1152 634 1244 conterunt.

363 1276 467 1341 Priori
490 1276 597 1339 autem
620 1273 731 1358 generi
753 1272 981 1338 adscribendus
1004 1275 1053 1337 est
1072 1273 1307 1338 uetustissimus
1325 1273 1380 1338 ille
1394 1275 1423 1360 s
1439 1275 1514 1359 (›ti-

318 1402 370 1465 ber
403 1396 657 1482 Nmpe-ianae)
672 1394 707 1474 1),
740 1395 796 1480 qui
821 1433 864 1443 —
886 1395 947 1459 etsi
972 1395 1094 1479 etipse
1117 1395 1239 1479 aliquot
1262 1397 1341 1460 locis
1364 1396 1473 1481 inique
1496 1418 1516 1459 a

317 1520 455 1585 librariis
485 1521 642 1584 tractatus
654 1515 681 1603 ⁹)
707 1556 748 1568 -
774 1517 969 1602 singularem
998 1517 1108 1602 utique
1139 1521 1228 1583 tenet
1251 1519 1374 1597 locum,
1399 1543 1419 1583 a
1441 1520 1516 1584 reli-

318 1643 390 1727 quis
417 1644 503 1706 recte
534 1640 658 1725 saepius
681 1639 880 1723 discrepans,
903 1638 1084 1723 multasque
1107 1640 1200 1704 nobis
1222 1641 1324 1704 tradit
1345 1641 1447 1706 bonas
1469 1642 1516 1706 le-

319 1765 441 1830 ctiones
463 1784 542 1847 quas
566 1762 644 1826 alibi
667 1761 787 1825 frustra
811 1782 963 1845 quaeras3
987 1760 1087 1824 ueluti
1110 1783 1194 1825 unus
1217 1761 1347 1826 exhibet
1373 1785 1417 1828 us.
1433 1762 1513 1827 162:

536 1882 693 1949 Constitit
724 1888 800 1946 ante
823 1883 932 1947 oculo‘s
955 1882 1054 1948 Naias
1078 1905 1144 1947 una
1169 1904 1271 1959 mooe,

320 2012 407 2093 quod
437 2007 472 2071 in
497 2006 626 2091 reliquis
652 2044 693 2053 -
718 2027 790 2069 cum
815 2006 849 2068 in
871 2003 1035 2070 communi
1058 2007 1230 2090 exemplari
1254 2007 1438 2085 excidisset,
1462 2007 1514 2072 ni-

320 2131 436 2194 mirum
459 2131 592 2214 propter
613 2128 697 2191 idem
722 2149 768 2191 us.
795 2126 992 2211 insequentis
1014 2128 1142 2192 initium
1163 2167 1204 2176 -
1226 2129 1335 2213 inepte
1355 2132 1514 2193 mutatum
1599 2121 1601 2124 ⁵

321 2251 466 2315 uidemus
488 2250 540 2314 in:

537 2370 709 2436 Formosus
731 2393 811 2456 puer
836 2376 885 2436 est
908 2371 993 2436 uisus
1017 2372 1125 2436 adesse
1149 2372 1238 2438 mihi.

322 2495 374 2562 Sic
398 2517 482 2561 unus
499 2496 532 2581 s.
557 2517 603 2560 us.
631 2493 671 2557 15
695 2493 793 2557 habet
815 2496 915 2558 recte:

525 2615 595 2680 Nec
622 2636 673 2678 me
694 2614 885 2698 Pyrrhiades
909 2614 1207 2698 Methymniadesue
1230 2619 1310 2682 cet:
1418 2657 1420 2660 -

323 2742 357 2804 in
379 2739 510 2824 reliquis
533 2742 572 2803 de
595 2737 695 2802 Musis
718 2736 942 2822 Nymphisque
962 2739 1068 2802 nescio
1087 2739 1164 2823 quid
1182 2740 1308 2803 ridiculi
1327 2745 1375 2804 est
1393 2741 1516 2826 excogi-

322 2867 437 2928 tatum.
472 2862 523 2925 lta
557 2863 591 2925 et
625 2883 671 2926 us.
711 2860 750 2924 17
787 2858 960 2925 Anactorio
992 2882 1130 2939 nomen,
1162 2865 1248 2946 quod
1279 2867 1311 2926 et
1341 2862 1454 2928 Suidas
1485 2867 1517 2928 et

323 2984 482 3050 Maximus
505 2983 621 3068 Tyrius
632 2984 659 3068 ³)
683 2982 891 3065 confirmant,
915 2982 951 3046 in
975 3005 1039 3047 uno
1058 2984 1089 3068 f.
1113 2985 1198 3047 recte
1220 2983 1373 3061 traditum
1399 3007 1446 3050 us.
1472 2985 1516 3050 84

323 3126 381 3191 pro
412 3108 497 3170 dedit
525 3105 561 3168 in
591 3102 647 3167 illo
680 3103 761 3168 bene
787 3105 888 3189 facit,
912 3125 959 3168 us.
986 3104 1027 3167 19
1050 3127 1112 3167 noc
1134 3125 1192 3188 pro
1217 3106 1281 3188 hic,
1306 3106 1369 3170 201
1395 3119 1518 3170 amatae

324 3249 382 3312 pro
417 3250 542 3303 amare,
579 3229 612 3288 et
642 3225 687 3289 sic
719 3225 917 3308 frequenter,
949 3226 987 3287 ut
1017 3215 1081 3288 su'is
1111 3225 1189 3289 locis
1219 3225 1255 3289 in
1287 3228 1517 3292 commentario

324 3349 500 3415 ostenda-m.

369 3471 546 3554 Tamquam
570 3468 709 3532 medium
733 3466 818 3531 inter
836 3469 868 3553 f.
893 3469 927 3531 ct
948 3467 1100 3552 reliquos,
1124 3469 1297 3553 dequibus
1317 3469 1517 3548 dixi,libros

324 3593 429 3658 locum
463 3592 590 3656 obtinet
621 3590 684 3673 Η.,
716 3591 770 3675 qui
793 3613 985 3675 quamquam
1009 3590 1311 3676 interpolationibus
1334 3594 1397 3659 illis
1421 3618 1518 3681 supra

325 3713 474 3778 indicatis
507 3714 593 3777 haud
616 3713 787 3791 immunis,
812 3713 930 3776 eminet
953 3717 1063 3778 tamen
1086 3714 1230 3780 bonitate
1252 3715 1443 3802 exhibetque
1465 3739 1515 3782 sa·

326 3857 385 3900 nas
415 3835 567 3899 lectiones
599 3835 794 3919 complures,
826 3833 872 3898 ita
896 3837 933 3898 ut
956 3835 1080 3920 saepius
1104 3837 1139 3899 iu
1163 3859 1255 3901 usum
1278 3837 1321 3903 sit
1344 3839 1515 3907 uocandus.

326 3956 464 4022 Maxime
494 3976 571 4020 uero
605 3951 808 4020 memorabile
840 3958 889 4020 est
920 3957 1005 4041 quod
1028 3957 1063 4020 in
1087 3979 1141 4035 eo,
1167 3959 1291 4023 utiam
1314 3982 1410 4044 supra
1433 3961 1518 4039 dixi,

327 4082 359 4142 et
378 4079 410 4164 f.
435 4078 552 4142 codicis
574 4077 866 4162 Excerptorumque
885 4077 985 4144 Paris.
1007 4083 1038 4143 et
1056 4078 1251 4163 reliquorum
1271 4080 1425 4146 librorum
1444 4104 1517 4146 uer-

361 4273 389 4337 1)
406 4271 443 4321 cf.
462 4287 514 4336 pag.
533 4269 555 4318 6.

360 4355 385 4413 2)
402 4355 553 4417 Quamquam
569 4350 641 4400 nimis
657 4366 738 4400 seuere
755 4352 783 4400 de
800 4367 828 4400 ea
845 4367 871 4400 re
888 4351 1003 4401 iudicasse
1020 4351 1081 4401 mihi
1098 4351 1194 4403 uidetur
1213 4353 1334 4403 Baehrens
1352 4353 1388 4418 (iu
1411 4353 1518 4403 „civiate

326 4435 350 4485 di
372 4433 505 4499 Filologia”
523 4433 597 4482 XIII.
616 4433 688 4482 1-2.
710 4434 780 4482 1884.
799 4450 823 4498 p.
842 4434 894 4496 51),
912 4437 940 4483 ut
955 4434 981 4482 in
998 4435 1168 4484 commentario
1185 4436 1215 4485 ad
1230 4436 1336 4500 singulos
1354 4452 1435 4485 uersus
1453 4437 1518 4485 euin·

326 4533 379 4566 cere
396 4532 433 4566 me
449 4531 517 4580 posse
533 4530 610 4580 spero.

361 4600 389 4668 3)
406 4599 443 4648 Gt.
460 4600 586 4647 comment.
604 4597 633 4645 ad
652 4613 686 4646 us.
705 4595 746 4649 17.
