3380 5346
382 601 426 667 Et
448 603 554 668 studio
577 623 681 668 mores
705 603 933 669 conuenienter
955 605 1042 669 eunt.

175 723 249 788 uide
273 723 368 789 etiam
395 725 434 789 ad
458 747 507 790 us.
532 729 726 810 sequentem.

221 849 275 911 Vs.
308 847 352 912 84
386 849 490 912 denuo
520 850 570 913 est
600 870 684 912 unus
709 849 742 935 f.
775 848 830 932 qui
853 868 912 932 pro
936 849 1068 930 uulgato
1092 849 1175 912 dedit
1193 846 1368 912 rectissime

175 969 303 1034 exhibet
321 971 420 1057 facit:
452 969 616 1034 lnaunrvm
641 989 737 1035 noum
769 989 878 1033 nomn
913 968 1043 1035 Tenum
1068 987 1169 1032 sacru.
1196 967 1262 1033 Sic:
1289 967 1367 1032 uino

174 1090 340 1174 ingenium
363 1089 511 1169 faciente,
536 1091 612 1156 Met.
638 1089 879 1168 V11.432;0f.
903 1090 981 1155 Met.
1005 1089 1094 1156 XIV.
1119 1089 1161 1153 25
1186 1110 1273 1174 sqq.:

265 1212 314 1278 At
336 1210 426 1279 Circe
451 1251 492 1261 -
516 1234 619 1298 neque
642 1213 728 1279 enim
751 1213 888 1279 flammis
910 1212 1009 1278 habet
1027 1212 1132 1298 aptius
1152 1211 1219 1277 ulla

264 1334 395 1400 Talibus
417 1335 605 1419 ingenium,
630 1357 685 1401 seu
708 1357 803 1401 causa
826 1339 875 1400 est
897 1335 992 1400 buius
1015 1334 1049 1401 in
1073 1335 1161 1420 ipsa,

266 1455 328 1523 Seu
352 1460 501 1522 Venus..
517 1503 547 1526 ..
569 1457 648 1522 facit
670 1456 772 1523 boc..
788 1505 818 1522 ..

220 1579 300 1642 Item
325 1576 470 1664 Propert.
494 1579 536 1644 II.
563 1581 591 1643 1.
619 1581 639 1643 3
663 1596 729 1664 sq.:

311 1698 387 1765 Non
411 1699 490 1765 haec
514 1698 672 1786 Calliope,
700 1721 764 1765 non
787 1700 865 1766 haec
889 1700 969 1765 mibi
991 1703 1102 1766 cantat
1126 1699 1261 1785 Apollo:

357 1821 527 1906 Ingenium
552 1822 644 1887 nobis
667 1822 736 1907 ipsa
760 1821 867 1907 puelle
890 1822 976 1886 facit

220 1943 269 2009 De
306 1944 436 2022 Halia,
461 1966 567 2009 rerum
592 1945 818 2010 amatorierum
842 1944 983 2030 poetriae
1006 1942 1115 2022 Musa,
1141 1942 1182 2008 cf.
1208 1938 1248 2007 A.
1274 1941 1316 2008 A.
1339 1942 1364 2007 Ι.

178 2065 243 2130 263
268 2087 334 2150 sq.:
358 2063 528 2131 Hactenus
552 2067 637 2130 unde
661 2065 749 2152 leges
773 2067 859 2151 quod
882 2087 984 2144 emes,
1010 2064 1065 2130 ubi
1088 2065 1167 2129 retia
1190 2084 1308 2148 ponas,

402 2186 562 2272 Praecipit
585 2187 761 2271 imparibus
785 2190 877 2253 uecta
901 2187 1015 2251 Thalia
1037 2186 1126 2251 rotis.

175 2308 270 2374 Ibist.
283 2311 336 2374 IV.
352 2309 403 2375 10.
418 2308 460 2374 56
472 2332 479 2374 :
492 2308 642 2394 Notaque
655 2331 722 2374 non
733 2310 824 2374 tarde
834 2309 920 2390 facte
932 2308 1048 2373 Thalia
1060 2330 1129 2373 men
1139 2312 1194 2374 est.

175 2431 271 2497 Trist.
297 2436 331 2496 V.
347 2433 377 2498 9.
393 2433 434 2498 31
453 2455 511 2518 squ
532 2432 583 2498 Sic
602 2454 672 2497 mee
685 2432 755 2517 lege
779 2434 855 2497 data
866 2432 976 2497 uincta
988 2431 1219 2517 atqueinclusu
1231 2429 1346 2495 Thalia

575 2554 637 2620 Per
647 2555 780 2620 titulum
793 2555 888 2620 uetiti
899 2554 1038 2619 nominis
1049 2555 1096 2619 ire
1108 2554 1207 2639 cupit.

175 2674 262 2742 Fast.
288 2681 323 2741 V.
351 2674 411 2742 54:
437 2714 481 2726 -
505 2699 620 2742 curuae
643 2678 723 2743 scita
746 2677 861 2744 Thalia
883 2678 981 2762 lyrae.

176 2796 214 2862 cf.
242 2798 338 2862 etiam
361 2797 443 2864 Stet.
470 2796 547 2864 Silu.
572 2803 606 2863 V.
635 2801 666 2865 3.
680 2799 741 2865 98:

381 2919 425 2984 Et
447 2920 518 3005 quis
541 2920 661 2986 lasciua
683 2921 766 2986 uires
789 2923 921 2986 tenuare
945 2919 1077 2990 Thalia.
1094 2969 1102 2985 .
1117 2968 1147 2985 ..

177 3046 245 3107 Vss.
269 3044 403 3109 83-84
434 3042 625 3128 Bernhardy
655 3043 703 3128 (iu
735 3042 820 3130 Allp.
846 3044 926 3109 [Aet.
951 3045 1021 3130 Ztg.
1047 3043 1132 3133 Sept.
1161 3044 1267 3121 1833,
1291 3063 1367 3128 pag.

113 3143 119 3149 ’
181 3164 259 3251 132)
292 3164 406 3230 acriter
437 3165 610 3230 defendens
639 3166 808 3231 lectionem
832 3169 969 3254 artisque
990 3169 1158 3251 magistras
1182 3164 1370 3231 Germanice

180 3285 278 3350 uertit
307 3285 371 3350 ita:
403 3287 645 3354 ›oderverlieh
669 3288 815 3352 minden
840 3286 1061 3353 Lebensberuf
1079 3287 1164 3352 mein
1189 3285 1295 3364 Geist,
1320 3285 1371 3350 (lie

179 3406 442 3473 Verwandschaft
471 3410 532 3474 mit
562 3409 710 3479 Thalia’u
733 3409 825 3486 Quod
854 3410 931 3494 quid
954 3409 1013 3488 sit,
1035 3409 1203 3474 intellectu
1225 3407 1369 3492 profecto

178 3527 265 3592 haud
289 3532 337 3594 est
360 3529 463 3596 facile.

223 3775 276 3840 Vs.
302 3774 355 3841 85.
381 3774 468 3852 Qum
493 3797 602 3841 nmvu
628 3796 658 3840 SI
685 3798 730 3841 nu
752 3796 876 3841 numan
898 3773 1368 3842 ulnvemrsnnmsAnsrvum

178 3895 238 3958 cet.
263 3896 303 3961 cf.
329 3895 407 3962 Met.
433 3897 474 3962 X.
503 3898 568 3962 614
592 3919 650 3982 squ

337 4015 405 4083 Nec
417 4017 520 4082 forma
531 4023 649 4105 tangor
664 4022 862 4104 —poteram
874 4021 981 4084 tamen
991 4019 1051 4084 hac
1063 4039 1189 4104 quoque
1200 4018 1293 4102 tangi
1308 4055 1369 4095 —‚

338 4138 399 4205 Sed
412 4141 498 4225 quod
510 4140 614 4206 adhuc
627 4163 705 4225 puer
716 4144 773 4206 est.
794 4162 860 4205 non
872 4163 923 4205 me
935 4145 1042 4207 mouet
1053 4141 1139 4226 ipse,
1154 4140 1208 4206 sed
1221 4142 1317 4205 aetas.

178 4277 281 4324 nuris
301 4280 425 4324 uuluae
449 4280 643 4347 unuvumm,
668 4264 706 4328 ut
728 4261 804 4327 Met.
819 4262 891 4329 ΧΙΙ.
906 4264 967 4327 291
982 4285 990 4327 :
998 4266 1109 4351 prima
1121 4275 1214 4328 tectus
1227 4263 1369 4347 lanugine

177 4381 285 4446 malus.
312 4382 361 4447 lta
385 4384 418 4447 et
441 4385 533 4448 dubia
558 4386 671 4471 lannpo
694 4382 771 4449 Met.
797 4384 855 4450 IX.
882 4385 964 4450 398:

361 4503 468 4570 Paene
491 4529 571 4591 puer
594 4507 752 4592 dubiaque
774 4511 887 4592 tegens
910 4507 1064 4592 lanugine
1087 4507 1198 4572 malas.

179 4622 269 4689 Xlll.
296 4625 378 4692 754:
403 4626 554 4713 Signarat
577 4629 673 4694 dubia
697 4631 823 4695 teneras
846 4629 1000 4716 lanugine
1022 4629 1131 4695 malas.
