3380 5346
910 434 974 497 102

391 619 493 687 Addit
512 623 620 682 tamen
640 640 677 682 eo
695 618 766 682 loco
785 615 900 682 Strabo
924 614 1022 699 uulgo
1046 614 1130 678 tradi
1151 614 1215 678 iam
1239 617 1334 678 antea
1354 613 1430 678 inde
1453 614 1534 678 desi-

342 743 437 808 luisse
461 740 655 825 Cephalum,
679 761 750 805 eum
770 738 927 803 Pterelam
945 736 1079 801 Deionei
1097 736 1200 800 filium
1221 736 1386 820 deperiret.
1407 733 1534 801 (lheron

342 863 507 948 Lampsac.
532 868 644 927 contra
668 865 731 947 (ap.
756 859 841 925 Plut.
867 859 912 924 M.
938 858 1002 922 255
1027 857 1082 944 A.)
1105 860 1217 923 auctor
1240 861 1290 922 est
1308 857 1448 942 primum
1467 877 1535 921 see

342 985 479 1050 Leucate
509 977 655 1048 deiecisse
685 981 852 1058 Phobum,
879 1003 980 1045 unum
1003 981 1042 1045 de
1066 977 1164 1064 stirpe
1187 977 1406 1047 Oodridarum.
1431 957 1536 1043 Multo

341 1109 450 1170 tamen
481 1107 557 1170 ante
587 1104 651 1167 iam
682 1101 879 1168 Stesichorus
903 1101 1043 1166 carmine
1066 1101 1239 1166 celebrasse
1262 1100 1379 1164 dicitur
1400 1098 1534 1183 (Athen.

342 1226 433 1292 XIV.
458 1248 484 1292 c.
511 1227 566 1309 11)
599 1225 754 1309 Calycen,
778 1246 858 1308 quae
881 1224 921 1287 ab
944 1222 1084 1288 Euathlo
1107 1225 1214 1308 spreta
1237 1222 1356 1286 abillo
1381 1243 1536 1306 promun-

342 1347 428 1412 turio
459 1348 495 1411 in
522 1369 607 1411 mare
631 1345 817 1410 desiluisset.
834 1343 857 1430 1)
883 1344 1047 1409 Prouerbii
1070 1347 1178 1408 autem
1202 1343 1268 1408 fere
1290 1343 1397 1408 locum
1420 1343 1536 1408 saltum

343 1469 435 1534 illum
458 1469 493 1532 in
517 1467 611 1533 rebus
635 1467 797 1532 amatoriis
817 1466 992 1531 obtinuisse
1012 1468 1105 1531 docet
1122 1468 1303 1544 Anacreon,
1315 1464 1431 1551 fragm.
1445 1463 1536 1529 XIX.

343 1590 493 1677 (Bergk):

502 1709 625 1792 'Aptae
649 1709 732 1785 dadr'
756 1713 819 1776 cirri
843 1709 1000 1783 Λευκάδος

503 1836 614 1912 πέτρης
640 1835 669 1905 ἐς
694 1835 797 1899 πολιὸν
823 1837 909 1910 κῦμα
934 1833 1099 1912 colestici,
1124 1832 1249 1912 μεθύων
1272 1831 1366 1914 ἔρωτι.

388 1956 499 2021 Plures
523 1957 658 2041 denique
685 1956 741 2040 qui
764 1977 800 2020 eo
824 1955 908 2020 saltu
931 1955 1047 2019 amoris
1071 1958 1194 2019 aestum
1217 1955 1310 2019 finire
1334 1955 1440 2020 conati
1463 1958 1541 2019 sunt

345 2082 510 2143 enumerat
532 2076 667 2141 Ptolem.
692 2076 865 2161 Hephaest.
891 2098 942 2161 ap.
966 2076 1061 2141 Phot.
1082 2076 1166 2140 Bibl.
1188 2100 1219 2161 p.
1241 2075 1315 2143 153.
1337 2099 1356 2140 a
1375 2075 1542 2162 (Bekker),

344 2200 379 2262 in
400 2218 535 2283 quorum
556 2199 663 2262 tamen
684 2219 833 2284 numero,
855 2201 941 2282 quod
961 2198 1090 2276 mirere,
1112 2196 1241 2284 Sappho
1260 2220 1326 2262 non
1345 2201 1402 2264 est.
1421 2197 1541 2274 Quam-

345 2343 441 2406 quam
472 2341 547 2383 uero
571 2318 772 2384 Ptolemaeus
795 2319 981 2404 plerumque
1003 2319 1065 2384 fide
1088 2322 1173 2384 certe
1194 2322 1243 2384 est
1264 2319 1435 2404 indignus,
1460 2341 1542 2404 pau·

342 2443 387 2508 cis
413 2446 522 2507 tamen
554 2463 636 2527 quae
663 2443 748 2528 apud
770 2463 842 2506 eum
865 2442 1018 2526 leguntur
1040 2441 1222 2506 referamus.
1245 2441 1278 2506 Is
1302 2445 1407 2506 autem
1430 2444 1543 2506 narrat

254 2641 255 2644 Ἴ
346 2565 465 2631 Veneri
489 2587 561 2630 cum
583 2567 810 2649 postmortem
829 2565 987 2629 Adonidis
1009 2587 1042 2630 se
1062 2586 1167 2630 amore
1187 2565 1254 2630 eius
1274 2565 1371 2630 uellet
1387 2565 1541 2643 liberare,

345 2685 529 2770 Apollinem
559 2687 654 2750 fuisse
685 2687 845 2750 auctorem
878 2689 916 2749 ut
940 2707 973 2750 se
996 2688 1035 2749 de
1057 2685 1193 2750 Leucate
1216 2686 1251 2749 in
1275 2707 1361 2751 mare
1383 2688 1541 2772 praeeipi-

345 2811 437 2872 taret.
463 2807 582 2891 Apollo
606 2807 692 2871 enim
716 2807 900 2871 obseruasse
923 2829 956 2871 se
980 2807 1062 2871 dixit
1084 2807 1131 2884 ei,
1156 2806 1267 2872 Iouem
1291 2829 1362 2873 cum
1382 2809 1543 2873 Iunonem

345 2929 539 3013 impotenter
560 2931 697 3006 amaret,
718 2927 847 2993 solitum
868 2950 934 2993 esse
955 2929 988 2992 in
1011 2950 1048 2992 eo
1068 2932 1178 2993 monte
1197 2930 1303 2994 sedere
1320 2930 1409 2995 etsic
1422 2931 1541 2995 sanari.

347 3050 460 3134 Itaque
491 3037 643 3114 Venerem
677 3048 777 3113 saltus
800 3049 975 3134 periculum
999 3049 1109 3114 fecisse
1133 3052 1166 3114 et
1185 3053 1313 3135 pectore
1335 3049 1542 3136 frigidissimo

347 3171 517 3236 emersisse.
545 3169 660 3235 Postea
682 3170 788 3254 plures
811 3171 949 3235 remedio
972 3171 1028 3235 illo
1052 3173 1128 3236 sunt
1150 3171 1216 3237 usi:
1240 3170 1429 3250 Artemisia,
1453 3173 1543 3260 Lyg-

347 3291 481 3357 damidis
511 3291 596 3368 filia,
628 3313 739 3356 amans
769 3290 957 3356 Dardanum
980 3291 1188 3376 Abydenum,
1214 3294 1268 3358 sed
1291 3294 1333 3359 ab
1356 3313 1391 3358 co
1416 3298 1542 3378 spreta,

346 3414 421 3478 inde
444 3435 477 3478 se
499 3413 739 3498 praecipitauit,
764 3413 858 3498 periit
881 3416 990 3477 tamen
1013 3413 1048 3477 in
1072 3413 1167 3480 saltu.
1192 3413 1244 3480 Sic
1263 3417 1295 3480 et
1314 3414 1543 3501 Hippomedon

345 3533 566 3618 Epidamnius.
599 3533 734 3598 Felicius
765 3556 832 3599 rem
862 3535 961 3618 gessit
993 3535 1193 3601 Nicostratus
1217 3537 1418 3622 Tettigideao
1439 3538 1542 3624 Myri-

347 3655 455 3719 nensis
486 3676 593 3719 amore
623 3654 765 3738 flagrans
789 3656 842 3720 sed
865 3657 1035 3740 perillum
1057 3656 1169 3722 saltem
1193 3658 1316 3723 leuatus
1339 3660 1424 3743 igne.
1446 3659 1542 3726 Simi-

345 3775 419 3839 liter
432 3779 464 3839 et
476 3775 581 3840 Maces
595 3775 800 3852 Buthrotius;
815 3778 893 3862 quin
902 3780 1014 3862 quater
1025 3777 1080 3843 ille
1090 3800 1147 3862 per
1158 3779 1193 3844 iu
1203 3779 1377 3845 remedium
1390 3782 1542 3848 exstinxit

344 3915 503 3973 amorem,
531 3897 578 3959 ita
601 3901 639 3961 ut
658 3921 677 3962 a
696 3898 819 3962 ciuibus
837 3899 902 3963 suis
923 3919 1102 3982 cognomen
1120 3901 1278 3986 acciperet
1296 3901 1501 3987 Leucopetra.
1515 3905 1542 3990 ²)

382 4069 408 4134 1)
427 4069 506 4118 Sciens
528 4070 613 4118 omitto
634 4069 739 4119 fabulam
756 4072 850 4120 Oohnes
869 4072 954 4123 Ooloni
971 4073 1045 4131 tiliae,
1064 4089 1136 4138 quam
1154 4074 1201 4123 huo
1217 4074 1337 4139 pertinere
1353 4079 1423 4141 putat
1440 4078 1470 4125 K.
1488 4077 1544 4125 Ric-

348 4151 386 4200 del
421 4151 492 4215 (ader
519 4153 705 4216 qeqenwaertipe
729 4155 809 4202 Stand
833 4155 876 4202 der
902 4156 1074 4220 Sapphofrape.
1100 4157 1182 4204 ΧΙΙΙω
1204 4157 1384 4206 Jasresbertchr
1407 4159 1448 4206 des
1472 4159 1545 4207 Reat-

350 4234 431 4296 Gymn.
455 4233 597 4299 Weidhefen
614 4251 637 4282 a.
655 4235 678 4282 d.
702 4232 799 4297 ltaya.
818 4233 903 4300 Iqlau,
924 4239 1002 4296 1881,
1019 4254 1043 4302 p.
1063 4238 1114 4303 23).
1134 4239 1168 4286 Ele
1184 4239 1248 4288 enim
1265 4255 1313 4288 non
1331 4243 1358 4289 ut
1375 4239 1463 4289 umoris
1477 4244 1544 4289 aestu

346 4313 492 4363 liberaretur
515 4315 570 4363 inde
593 4315 701 4373 desiluit,
728 4316 768 4365 sed
792 4319 819 4365 ut
842 4321 944 4366 mortem
961 4318 1006 4366 sibi
1023 4320 1177 4369 conscisceret
1194 4336 1247 4369 oum
1264 4321 1396 4385 paeniteret
1413 4339 1464 4372 eam
1481 4325 1544 4388 quod

345 4412 389 4460 per
405 4396 535 4445 calumnias
552 4413 606 4445 suas
623 4398 728 4447 Eunosto
746 4399 810 4447 necis
826 4415 895 4448 causa
912 4399 1001 4448 fuisset.
1016 4401 1046 4450 cf.
1064 4401 1128 4451 Plut.
1148 4404 1177 4468 Q.
1200 4403 1242 4452 Gr.
1259 4419 1279 4452 c.
1297 4405 1338 4452 40.

379 4479 407 4543 2)
426 4479 515 4528 Parum
540 4482 648 4527 accurate
675 4479 785 4529 Hardion
811 4485 862 4541 (sur
886 4483 907 4530 le
931 4485 997 4530 aaalt
1019 4484 1048 4532 de
1071 4485 1182 4534 harada.
1203 4485 1232 4534 In
1251 4482 1324 4534 luem.
1342 4487 1372 4534 de
1389 4483 1482 4536 l'Acad.
1503 4488 1544 4536 der

345 4562 422 4609 Iacer.
446 4561 503 4610 VII.
522 4559 598 4612 1726.
614 4576 638 4625 p.
659 4562 718 4621 258)
734 4562 789 4610 inde
806 4563 921 4612 conclusit
938 4563 982 4613 hoo
999 4565 1071 4614 fuisse
1088 4565 1154 4615 illius
1170 4566 1245 4616 saltus
1261 4567 1388 4633 proprium
1402 4571 1429 4617 ut
1443 4569 1544 4618 feminee

347 4658 407 4707 quae
423 4657 448 4690 se
464 4642 604 4691 deiecissent
621 4643 769 4708 deperirent,
788 4643 836 4694 uiri
853 4644 930 4694 illaesi
947 4651 1109 4712 emergerent!
