3386 5346
670 1265 1147 1351 COMMENTARIVS.

353 1813 425 1878 Vss.
453 1815 548 1880 1-4.
579 1812 745 1897 Epistulae
776 1812 938 1877 exordium
961 1811 1042 1876 mori
1067 1809 1225 1876 Ouidiuno
1248 1809 1344 1892 plane
1367 1827 1501 1870 consen-

306 1940 455 2012 taneum,
480 1938 517 2000 ut
539 1939 624 2001 recte
647 1935 798 2000 obseruai
821 1933 966 2011 Vahlen,
992 1935 1080 1998 ueber
1103 1935 1151 1998 die
1176 1931 1339 2018 Aufaeuqe
1358 1933 1413 1994 der
1434 1928 1501 1993 He·

307 2061 414 2123 roideu
444 2061 495 2122 dcc
530 2055 610 2122 Ouid
629 2056 674 2143 1),
706 2076 779 2142 pag.
807 2057 859 2122 19.
896 2055 945 2119 lu
969 2055 1114 2120 similiter
1138 2053 1254 2118 dicitnr
1277 2075 1315 2116 ex
1339 2052 1434 2116 Pont.
1455 2050 1500 2115 II.

310 2178 362 2244 10.
389 2178 405 2241 l
432 2199 517 2262 sqq:

444 2297 568 2384 Ecquid
592 2300 632 2363 ab
655 2299 825 2382 impressae
848 2298 1013 2382 cognoscis
1036 2298 1177 2382 imagine
1201 2317 1289 2361 ceree

488 2418 576 2485 Haec
599 2420 660 2484 tibi
682 2417 844 2484 Nasonem
868 2420 1005 2484 scribere
1027 2420 1142 2495 uerba,
1168 2417 1296 2482 Macer?

443 2541 655 2626 Auctorisque
679 2541 728 2606 sni
751 2542 867 2606 sinon
891 2544 939 2606 esi
961 2541 1100 2605 annulus
1123 2539 1236 2622 index,

488 2661 668 2747 Cognitene
690 2666 737 2727 esi
760 2667 872 2727 nostru
893 2663 1000 2728 littero
1022 2661 1108 2726 fucta
1131 2663 1253 2725 mauu?

444 2782 498 2847 An
523 2783 583 2848 ribi
606 2784 755 2848 notitiem
780 2805 869 2848 mora
891 2782 1044 2868 temporis
1068 2782 1163 2866 eripit
1186 2781 1319 2858 horum,

490 2903 559 2970 Nec
582 2907 733 2989 repeiuni
756 2905 839 2969 oculi
863 2904 957 2988 signa
979 2907 1106 2969 uetusta
1129 2903 1201 2967 rui?

308 3025 347 3088 ci.
373 3046 421 3088 cx.
447 3023 541 3089 Poni.
567 3025 594 3089 I.
620 3026 650 3091 2.
676 3027 695 3089 5
721 3047 789 3110 sqq.
814 3025 873 3116 IV.
901 3026 953 3090 13.
980 3027 1000 3090 3
1024 3047 1091 3109 sqq.
1117 3027 1177 3088 cei.

353 3143 479 3217 Eoovln
511 3167 551 3209 vu
582 3147 757 3231 recepimus
789 3169 805 3211 e
832 3149 879 3234 f.;
909 3146 1024 3230 reliqui
1047 3145 1079 3209 II.
1106 3144 1258 3210 exhibent
1281 3147 1447 3230 Numquid
1469 3156 1504 3208 ut

309 3267 360 3330 uel
389 3269 458 3345 udi,
481 3270 607 3351 prueier
627 3292 680 3354 q..
689 3293 724 3355 p.
739 3269 769 3332 Ir.
793 3269 981 3352 praebendos
1003 3269 1127 3354 Ecquid
1148 3269 1215 3343 udi,
1241 3267 1327 3351 quod
1350 3266 1504 3352 praetulit

307 3387 413 3453 Loers.
449 3387 510 3453 Sed
543 3393 575 3454 ct
604 3391 728 3476 Ecquid
754 3403 789 3455 ut
812 3392 844 3454 ei
868 3391 991 3476 Ecquid
1011 3391 1063 3454 udi
1085 3391 1169 3452 recte
1193 3388 1255 3453 dici
1278 3387 1498 3460 monifcsium;

307 3510 392 3574 inter
416 3533 496 3594 quae
520 3510 648 3574 uariani
671 3511 857 3596 plerumque
881 3511 1004 3575 codices
1027 3508 1196 3587 Ouidium,
1220 3510 1321 3575 ueluti
1342 3510 1437 3575 Trist.
1458 3510 1499 3575 V.

309 3633 338 3695 2.
366 3633 400 3696 I:
425 3633 550 3718 Ecquid
570 3646 605 3697 ut
626 3656 663 3698 eu
687 3632 791 3699 Ponto
814 3657 895 3699 nouo
920 3636 1004 3698 uouit
1026 3634 1158 3719 epistula
1179 3633 1291 3719 pullus,
1318 3631 1413 3698 Trist.
1437 3632 1499 3697 HI.

310 3755 339 3819 3.
365 3755 419 3818 47.
449 3753 507 3818 IV.
533 3756 563 3820 3.
591 3754 643 3820 21.
677 3777 716 3819 ex
742 3753 837 3819 Pont.
867 3755 927 3819 III.
954 3754 984 3818 5.
1011 3755 1067 3829 39;
1095 3755 1148 3819 ubi
1170 3757 1297 3818 constat
1320 3753 1397 3820 Mer.
1424 3753 1499 3821 XII.

308 3875 392 3952 588,
425 3887 460 3939 ut
489 3875 525 3938 in
548 3875 638 3939 codd.
663 3877 757 3941 bonis
781 3879 830 3941 est
852 3875 1001 3941 omnibus
1025 3897 1063 3940 ex
1085 3874 1182 3941 Pont.
1207 3875 1232 3941 Ι.
1259 3875 1289 3938 6.
1317 3875 1354 3939 l:
1379 3877 1502 3962 Ecquid

307 4008 342 4059 ut
364 3999 482 4060 audisti
483 4043 658 4062 ......

352 4117 502 4181 Asinum
528 4119 560 4182 h.
574 4140 600 4182 e.
625 4119 728 4203 primo
750 4120 859 4184 statim
884 4124 1030 4204 aspectu,
1053 4141 1149 4203 quum
1170 4118 1360 4203 scripturam
1381 4119 1499 4184 confir-

307 4240 387 4303 mari
417 4241 512 4304 eiiam
546 4240 700 4306 Protinus
730 4243 828 4306 uerbo
861 4243 920 4328 (us.
945 4242 980 4327 2)
1013 4243 1097 4306 recte
1127 4242 1219 4305 docei
1251 4240 1433 4326 Heusinger
1452 4239 1498 4328 ⁹),

341 4492 368 4556 1)
387 4491 435 4555 Qui
454 4491 549 4540 libellus
567 4493 666 4543 seorsim
684 4494 761 4544 editus
779 4498 814 4544 est
832 4511 860 4543 ex
877 4497 1003 4544 comment.
1021 4493 1108 4558 Regius
1126 4493 1185 4544 niu.
1202 4495 1274 4544 Acci.
1291 4495 1371 4545 Bercl.
1392 4497 1464 4547 1881.

341 4573 369 4638 2)
387 4573 487 4638 Specim.
514 4575 605 4623 emund.
629 4574 654 4623 in
678 4577 748 4625 Ouid.
774 4577 834 4626 Her.
857 4577 883 4625 in
906 4576 1017 4640 Lessing,
1042 4591 1085 4624 zur
1110 4576 1193 4625 Gesch.
1212 4593 1234 4624 u.
1253 4577 1337 4628 Litter.
1358 4579 1498 4645 (Brunsuig.

307 4655 384 4722 1774)
411 4655 504 4704 Drittsr
520 4655 626 4724 Beitrng.
