3380 5346
795 1339 1100 1424 ADDENDA.

876 1617 1041 1632 μὴ

397 1821 437 1884 In
471 1823 626 1906 apparatu
658 1820 766 1885 critico
799 1841 862 1904 quo
894 1819 1058 1904 Epistulae
1089 1823 1212 1884 textum
1242 1821 1398 1899 instruxi,
1424 1821 1549 1886 deside·

351 1948 442 2007 ratur
473 1942 601 2008 collatio
632 1943 765 2007 duorum
800 1942 943 2007 codicum
967 1941 1065 2008 Paris.
1091 1943 1178 2006 8206
1204 1944 1366 2021 118244,
1391 1944 1549 2028 quosin-

352 2065 472 2149 spicere
498 2064 576 2128 mihi
600 2085 665 2127 non
690 2063 887 2148 contigerat,
915 2065 949 2126 ut
972 2064 1038 2128 dixi
1058 2064 1092 2128 in
1113 2063 1352 2148 Prolcgomenis
1364 2087 1395 2148 p.
1412 2066 1455 2129 14
1470 2088 1503 2131 n.
1520 2066 1550 2129 1.

351 2185 442 2262 Quod
475 2189 644 2270 postquam
676 2207 749 2250 cum
779 2185 990 2250 bibliothecae
1022 2191 1150 2251 nostrae
1182 2186 1344 2251 Praefecto
1368 2187 1550 2251 communi-

354 2309 442 2384 ceui,
479 2308 529 2373 uir
561 2306 826 2385 humanissimus,
860 2300 924 2391 qua
955 2311 1004 2371 est
1033 2307 1238 2389 liberalitate,
1270 2307 1385 2372 litteris
1408 2307 1552 2374 Parisios

357 2429 441 2493 datis
474 2428 655 2512 nuperrime
686 2428 872 2513 impetrauit
895 2433 931 2493 ut
954 2433 1085 2513 uterque
1107 2427 1189 2493 liber
1212 2427 1343 2493 Leidam
1366 2429 1553 2495 mitteretur

351 2549 458 2634 ibique
482 2572 501 2612 a
524 2573 574 2614 me
598 2550 703 2614 excuti
726 2552 843 2634 posset.
869 2549 952 2615 Sunt
974 2552 1080 2615 autem
1104 2550 1199 2615 ambo
1224 2549 1346 2614 codices
1366 2550 1462 2635 (saec.
1485 2549 1550 2615 XV

350 2673 414 2757 cx.)
454 2672 550 2756 pretii
584 2672 754 2736 admodum
790 2672 898 2755 parui,
935 2694 1032 2755 quare
1066 2672 1170 2736 uarias
1203 2672 1279 2737 inde
1310 2671 1466 2738 lectiones
1496 2673 1551 2738 hic

354 2794 508 2858 adnotare
542 2814 652 2858 omnes
688 2794 883 2878 supersedeo.
920 2793 1061 2858 Tantum
1096 2793 1175 2860 hoc:
1213 2796 1282 2858 cod.
1317 2793 1417 2860 Paris.
1456 2796 1550 2860 8296

350 2915 496 2982 continet
518 2916 603 2979 inter
626 2915 802 2992 Moratum,
828 2915 980 2980 Ludibrio
1000 2918 1042 2978 ad
1062 2915 1230 3000 Priapum,
1250 2915 1427 2980 recentiora
1450 2938 1552 3001 quae·

349 3040 439 3115 dam,
471 3038 525 3104 fol.
560 3038 690 3145 46-51
724 3037 842 3122 Sapph.
875 3060 924 3122 ep.
949 3038 1135 3123 inscriptam
1159 3038 1280 3125 Sophos
1300 3038 1429 3126 pleseni.
1458 3039 1553 3105 Libri

349 3159 473 3224 indoles
505 3182 586 3245 quae
616 3160 657 3224 sit
689 3163 726 3224 ut
757 3160 865 3246 paucis
896 3163 1080 3239 ostendam,
1105 3162 1236 3226 selectas
1260 3161 1365 3224 citabo
1390 3160 1552 3228 lectiones

354 3281 448 3346 hasce
473 3282 610 3366 (litterae
634 3282 776 3346 cursiuae
800 3282 897 3347 uerba
921 3284 1088 3347 contextus
1111 3282 1214 3346 nostri
1232 3282 1409 3365 indicant):
1426 3284 1551 3350 121111-

351 3428 409 3469 nor
432 3403 555 3487 miuus,
583 3405 622 3468 18
647 3402 763 3468 Athois
786 3407 879 3480 ante,
901 3404 942 3467 19
962 3428 1023 3468 uon
1043 3402 1112 3481 hic,
1136 3403 1177 3466 59
1200 3406 1353 3490 inceptum
1364 3403 1551 3483 intentum,

350 3527 392 3590 69
410 3530 478 3614 flue
501 3524 630 3602 fraude,
656 3526 698 3589 96
723 3527 777 3590 sed
801 3526 887 3609 quod
911 3546 1034 3602 amare,
1059 3524 1102 3588 99
1131 3527 1203 3589 11111
1228 3546 1327 3601 esses,
1354 3523 1417 3588 125
1442 3529 1551 3611 repic-

349 3649 439 3712 uibue
475 3646 660 3711 nationibus
692 3671 847 3734 suprascr.
880 3670 963 3710 maa.
998 3647 1035 3722 2,
1071 3646 1134 3711 132
1165 3646 1297 3731 11911111
1322 3645 1451 3730 uigent,
1481 3649 1552 3713 169

347 3769 451 3832 iussus
484 3790 594 3832 amans
629 3767 737 3853 tetigit
771 3769 923 3833 letissima
961 3790 1056 3852 pyre,
1093 3769 1158 3832 174
1191 3767 1338 3831 lacrimas
1372 3768 1552 3851 grauidae,

352 3890 416 3954 196
441 3890 609 3968 substulit,
636 3890 699 3954 199
724 3890 859 3974 neptuni
883 3894 1048 3974 nuptaque
1072 3890 1185 3973 proles.

392 4009 469 4075 cod.
506 4009 604 4074 Paria.
639 4010 728 4075 8244
760 4011 904 4076 continet
935 4014 1061 4094 praeter
1094 4009 1270 4075 recentiora
1302 4012 1459 4095 quaedam
1487 4013 1549 4078 fol.

352 4132 438 4195 1-6
459 4130 577 4216 Supph.
599 4154 648 4216 ep.
672 4132 741 4197 sine
764 4132 868 4197 titulo.
893 4132 933 4196 In
956 4132 1102 4216 margine
1125 4134 1230 4196 autem
1254 4132 1448 4216 adscriptum
1476 4140 1550 4199 est:

354 4252 484 4319 Ouidius
504 4256 558 4318 sub
590 4254 728 4341 n0[miae
752 4254 831 4342 Sap]
840 4256 924 4342 ptus
952 4255 1113 4342 epistolam
1134 4255 1247 4319 scribit.
1272 4252 1470 4338 Subscriptio
1497 4263 1554 4322 est

349 4374 441 4439 haec:
479 4376 585 4440 Finito
617 4376 713 4440 Libro
745 4377 917 4463 &feratur
945 4374 1059 4441 Gratia
1085 4387 1219 4453 Χρηστω.
1246 4376 1343 4442 Finis.
1372 4375 1552 4444 Lectiones

348 4497 562 4581 discrepantes
595 4500 671 4561 sunt
699 4498 826 4562 eaedem
853 4497 918 4561 fere
943 4501 1037 4582 atque
1061 4519 1114 4562 eae
1138 4519 1216 4583 quas
1241 4497 1452 4585 inapparatu
1479 4500 1551 4566 cri·

344 4618 407 4682 tice
431 4617 599 4682 citauimus
622 4640 639 4681 e
661 4643 687 4684 z.
