<?xml version="1.0" encoding="UTF-8"?>
<!DOCTYPE html PUBLIC "-//W3C//DTD XHTML 1.0 Transitional//EN"
    "http://www.w3.org/TR/xhtml1/DTD/xhtml1-transitional.dtd">
<html xmlns="http://www.w3.org/1999/xhtml" xml:lang="en" lang="en">
 <head>
  <title>
</title>
<meta http-equiv="Content-Type" content="text/html;charset=utf-8" />
  <meta name='ocr-system' content='tesseract 3.04.00' />
  <meta name='ocr-capabilities' content='ocr_page ocr_carea ocr_par ocr_line ocrx_word'/>
</head>
<body>
  <div class='ocr_page' id='page_1' title='image "./epistvlasapphvs00vriegoog_0014.png"; bbox 0 0 3386 5346; ppageno 0'>
   <div class='ocr_carea' id='block_1_1' title="bbox 712 458 747 500">
    <p class='ocr_par' dir='ltr' id='par_1_1' title="bbox 712 458 747 500">
     <span class='ocr_line' id='line_1_1' title="bbox 712 458 747 500; baseline 0.029 -1"><span class='ocrx_word' id='word_1_1' title='bbox 712 458 747 500; x_wconf 84' lang='lat' dir='ltr'>IX</span> 
     </span>
    </p>
   </div>
   <div class='ocr_carea' id='block_1_2' title="bbox 132 621 1326 2532">
    <p class='ocr_par' dir='ltr' id='par_1_2' title="bbox 132 621 1323 818">
     <span class='ocr_line' id='line_1_2' title="bbox 132 621 1323 708; baseline 0.002 -24"><span class='ocrx_word' id='word_1_2' title='bbox 132 621 245 684; x_wconf 88' lang='lat' dir='ltr'>studiis</span> <span class='ocrx_word' id='word_1_3' title='bbox 277 621 516 685; x_wconf 83' lang='lat' dir='ltr'>humanioribus</span> <span class='ocrx_word' id='word_1_4' title='bbox 545 621 691 685; x_wconf 80' lang='lat' dir='ltr'><strong>alacriter</strong></span> <span class='ocrx_word' id='word_1_5' title='bbox 721 642 852 705; x_wconf 82' lang='lat' dir='ltr'>pergam</span> <span class='ocrx_word' id='word_1_6' title='bbox 886 626 934 697; x_wconf 85' lang='lat' dir='ltr'>et,</span> <span class='ocrx_word' id='word_1_7' title='bbox 968 644 1062 705; x_wconf 89' lang='lat' dir='ltr'>quam</span> <span class='ocrx_word' id='word_1_8' title='bbox 1087 622 1133 687; x_wconf 83' lang='lat' dir='ltr'>Tu</span> <span class='ocrx_word' id='word_1_9' title='bbox 1159 624 1323 708; x_wconf 75' lang='lat' dir='ltr'>discipulis</span> 
     </span>
     <span class='ocr_line' id='line_1_3' title="bbox 132 742 919 818; baseline 0.001 -14"><span class='ocrx_word' id='word_1_10' title='bbox 132 745 311 805; x_wconf 88' lang='lat' dir='ltr'>monstrare</span> <span class='ocrx_word' id='word_1_11' title='bbox 334 742 474 818; x_wconf 88' lang='lat' dir='ltr'>solebas,</span> <span class='ocrx_word' id='word_1_12' title='bbox 499 743 584 805; x_wconf 89' lang='lat' dir='ltr'>uiam</span> <span class='ocrx_word' id='word_1_13' title='bbox 608 742 740 806; x_wconf 88' lang='lat' dir='ltr'>firmiter</span> <span class='ocrx_word' id='word_1_14' title='bbox 764 743 919 806; x_wconf 87' lang='lat' dir='ltr'>insistam.</span> 
     </span>
    </p>

    <p class='ocr_par' dir='ltr' id='par_1_3' title="bbox 134 862 1326 1173">
     <span class='ocr_line' id='line_1_4' title="bbox 180 862 1326 949; baseline 0.002 -22"><span class='ocrx_word' id='word_1_15' title='bbox 180 862 300 927; x_wconf 84' lang='lat' dir='ltr'>Ceteris</span> <span class='ocrx_word' id='word_1_16' title='bbox 334 885 460 947; x_wconf 87' lang='lat' dir='ltr'>quoque</span> <span class='ocrx_word' id='word_1_17' title='bbox 494 864 580 928; x_wconf 87' lang='lat' dir='ltr'>Viris</span> <span class='ocrx_word' id='word_1_18' title='bbox 615 863 820 948; x_wconf 76' lang='lat' dir='ltr'>Clarissimis,</span> <span class='ocrx_word' id='word_1_19' title='bbox 855 865 970 948; x_wconf 90' lang='lat' dir='ltr'>quibus</span> <span class='ocrx_word' id='word_1_20' title='bbox 1006 866 1262 949; x_wconf 77' lang='lat' dir='ltr'>praeceptoribus</span> <span class='ocrx_word' id='word_1_21' title='bbox 1295 871 1326 930; x_wconf 89' lang='lat' dir='ltr'>et</span> 
     </span>
     <span class='ocr_line' id='line_1_5' title="bbox 134 987 1324 1072; baseline 0.002 -22"><span class='ocrx_word' id='word_1_22' title='bbox 134 987 311 1050; x_wconf 74' lang='lat' dir='ltr'>fautoribus</span> <span class='ocrx_word' id='word_1_23' title='bbox 334 987 368 1050; x_wconf 89' lang='lat' dir='ltr'>in</span> <span class='ocrx_word' id='word_1_24' title='bbox 392 988 452 1051; x_wconf 85' lang='lat' dir='ltr'>hac</span> <span class='ocrx_word' id='word_1_25' title='bbox 477 987 647 1050; x_wconf 81' lang='lat' dir='ltr'>Academia</span> <span class='ocrx_word' id='word_1_26' title='bbox 671 1009 746 1051; x_wconf 86' lang='lat' dir='ltr'>usus</span> <span class='ocrx_word' id='word_1_27' title='bbox 769 1010 857 1063; x_wconf 86' lang='lat' dir='ltr'>sum,</span> <span class='ocrx_word' id='word_1_28' title='bbox 878 987 997 1070; x_wconf 76' lang='lat' dir='ltr'>gratias</span> <span class='ocrx_word' id='word_1_29' title='bbox 1015 987 1117 1051; x_wconf 90' lang='lat' dir='ltr'>habeo</span> <span class='ocrx_word' id='word_1_30' title='bbox 1138 988 1324 1072; x_wconf 90' lang='lat' dir='ltr'>habeboque</span> 
     </span>
     <span class='ocr_line' id='line_1_6' title="bbox 134 1109 281 1173; baseline 0.007 -2"><span class='ocrx_word' id='word_1_31' title='bbox 134 1109 281 1173; x_wconf 84' lang='lat' dir='ltr'>sinceras.</span> 
     </span>
    </p>

    <p class='ocr_par' dir='ltr' id='par_1_4' title="bbox 132 1230 1326 2285">
     <span class='ocr_line' id='line_1_7' title="bbox 179 1230 1325 1315; baseline 0.001 -21"><span class='ocrx_word' id='word_1_32' title='bbox 179 1230 374 1294; x_wconf 86' lang='lat' dir='ltr'>Professores</span> <span class='ocrx_word' id='word_1_33' title='bbox 397 1231 429 1294; x_wconf 88' lang='lat' dir='ltr'>in</span> <span class='ocrx_word' id='word_1_34' title='bbox 456 1231 539 1294; x_wconf 88' lang='lat' dir='ltr'>alma</span> <span class='ocrx_word' id='word_1_35' title='bbox 560 1230 723 1294; x_wconf 85' lang='lat' dir='ltr'>Musarum</span> <span class='ocrx_word' id='word_1_36' title='bbox 749 1232 821 1295; x_wconf 88' lang='lat' dir='ltr'>sede</span> <span class='ocrx_word' id='word_1_37' title='bbox 846 1231 1027 1308; x_wconf 85' lang='lat' dir='ltr'>Bonnensi‚</span> <span class='ocrx_word' id='word_1_38' title='bbox 1053 1254 1188 1315; x_wconf 91' lang='lat' dir='ltr'>quorum</span> <span class='ocrx_word' id='word_1_39' title='bbox 1213 1231 1325 1297; x_wconf 90' lang='lat' dir='ltr'>lectio-</span> 
     </span>
     <span class='ocr_line' id='line_1_8' title="bbox 135 1351 1325 1436; baseline 0.002 -22"><span class='ocrx_word' id='word_1_40' title='bbox 135 1351 228 1415; x_wconf 88' lang='lat' dir='ltr'>nibus</span> <span class='ocrx_word' id='word_1_41' title='bbox 272 1374 328 1435; x_wconf 90' lang='lat' dir='ltr'>per</span> <span class='ocrx_word' id='word_1_42' title='bbox 363 1353 441 1416; x_wconf 83' lang='lat' dir='ltr'>anni</span> <span class='ocrx_word' id='word_1_43' title='bbox 478 1353 617 1436; x_wconf 88' lang='lat' dir='ltr'>spatium</span> <span class='ocrx_word' id='word_1_44' title='bbox 656 1353 807 1416; x_wconf 89' lang='lat' dir='ltr'>interesse</span> <span class='ocrx_word' id='word_1_45' title='bbox 847 1352 925 1415; x_wconf 91' lang='lat' dir='ltr'>mihi</span> <span class='ocrx_word' id='word_1_46' title='bbox 961 1353 1117 1436; x_wconf 84' lang='lat' dir='ltr'>contigit,</span> <span class='ocrx_word' id='word_1_47' title='bbox 1150 1352 1241 1417; x_wconf 85' lang='lat' dir='ltr'>enixe</span> <span class='ocrx_word' id='word_1_48' title='bbox 1274 1375 1325 1416; x_wconf 92' lang='lat' dir='ltr'>ro·</span> 
     </span>
     <span class='ocr_line' id='line_1_9' title="bbox 133 1472 1322 1558; baseline 0.001 -22"><span class='ocrx_word' id='word_1_49' title='bbox 133 1477 225 1556; x_wconf 87' lang='lat' dir='ltr'>gatos</span> <span class='ocrx_word' id='word_1_50' title='bbox 248 1474 344 1537; x_wconf 91' lang='lat' dir='ltr'>uelim</span> <span class='ocrx_word' id='word_1_51' title='bbox 370 1478 405 1536; x_wconf 92' lang='lat' dir='ltr'>ut</span> <span class='ocrx_word' id='word_1_52' title='bbox 428 1474 488 1537; x_wconf 92' lang='lat' dir='ltr'>sibi</span> <span class='ocrx_word' id='word_1_53' title='bbox 511 1472 858 1558; x_wconf 77' lang='lat' dir='ltr'>persuasum&#39;habeant</span> <span class='ocrx_word' id='word_1_54' title='bbox 881 1495 931 1537; x_wconf 90' lang='lat' dir='ltr'>me</span> <span class='ocrx_word' id='word_1_55' title='bbox 954 1478 1047 1558; x_wconf 86' lang='lat' dir='ltr'>grato</span> <span class='ocrx_word' id='word_1_56' title='bbox 1071 1497 1195 1558; x_wconf 88' lang='lat' dir='ltr'>semper</span> <span class='ocrx_word' id='word_1_57' title='bbox 1216 1475 1322 1538; x_wconf 88' lang='lat' dir='ltr'>animo</span> 
     </span>
     <span class='ocr_line' id='line_1_10' title="bbox 132 1595 1325 1679; baseline 0.002 -22"><span class='ocrx_word' id='word_1_58' title='bbox 132 1595 389 1672; x_wconf 81' lang='lat' dir='ltr'>recordaturum,</span> <span class='ocrx_word' id='word_1_59' title='bbox 412 1599 569 1679; x_wconf 86' lang='lat' dir='ltr'>quantum</span> <span class='ocrx_word' id='word_1_60' title='bbox 593 1616 701 1659; x_wconf 91' lang='lat' dir='ltr'>eorum</span> <span class='ocrx_word' id='word_1_61' title='bbox 726 1598 758 1658; x_wconf 89' lang='lat' dir='ltr'>et</span> <span class='ocrx_word' id='word_1_62' title='bbox 782 1595 953 1659; x_wconf 88' lang='lat' dir='ltr'>eruditioni</span> <span class='ocrx_word' id='word_1_63' title='bbox 975 1599 1008 1658; x_wconf 88' lang='lat' dir='ltr'>et</span> <span class='ocrx_word' id='word_1_64' title='bbox 1031 1596 1223 1660; x_wconf 72' lang='lat' dir='ltr'>humanitati</span> <span class='ocrx_word' id='word_1_65' title='bbox 1246 1600 1278 1660; x_wconf 84' lang='lat' dir='ltr'>et</span> <span class='ocrx_word' id='word_1_66' title='bbox 1291 1596 1325 1659; x_wconf 89' lang='lat' dir='ltr'>in</span> 
     </span>
     <span class='ocr_line' id='line_1_11' title="bbox 133 1716 1326 1800; baseline 0.002 -21"><span class='ocrx_word' id='word_1_67' title='bbox 133 1737 184 1779; x_wconf 89' lang='lat' dir='ltr'>me</span> <span class='ocrx_word' id='word_1_68' title='bbox 208 1717 449 1780; x_wconf 87' lang='lat' dir='ltr'>beneuolentiae</span> <span class='ocrx_word' id='word_1_69' title='bbox 473 1717 613 1781; x_wconf 88' lang='lat' dir='ltr'>debeam.</span> <span class='ocrx_word' id='word_1_70' title='bbox 639 1716 730 1792; x_wconf 81' lang='lat' dir='ltr'>Quod</span> <span class='ocrx_word' id='word_1_71' title='bbox 754 1717 827 1780; x_wconf 88' lang='lat' dir='ltr'>Tibi</span> <span class='ocrx_word' id='word_1_72' title='bbox 851 1717 998 1800; x_wconf 88' lang='lat' dir='ltr'>inprimis</span> <span class='ocrx_word' id='word_1_73' title='bbox 1021 1718 1140 1781; x_wconf 89' lang='lat' dir='ltr'>dictum</span> <span class='ocrx_word' id='word_1_74' title='bbox 1165 1719 1224 1795; x_wconf 80' lang='lat' dir='ltr'>sit,</span> <span class='ocrx_word' id='word_1_75' title='bbox 1252 1717 1326 1782; x_wconf 79' lang='lat' dir='ltr'>Ola-</span> 
     </span>
     <span class='ocr_line' id='line_1_12' title="bbox 133 1836 1325 1921; baseline 0.004 -22"><span class='ocrx_word' id='word_1_76' title='bbox 133 1837 255 1901; x_wconf 89' lang='lat' dir='ltr'>rissime</span> <span class='ocrx_word' id='word_1_77' title='bbox 274 1836 487 1914; x_wconf 70' lang='lat' dir='ltr'>Burneianus,</span> <span class='ocrx_word' id='word_1_78' title='bbox 508 1841 693 1921; x_wconf 83' lang='lat' dir='ltr'>praeceptor</span> <span class='ocrx_word' id='word_1_79' title='bbox 718 1839 826 1901; x_wconf 87' lang='lat' dir='ltr'>multis</span> <span class='ocrx_word' id='word_1_80' title='bbox 850 1838 1031 1902; x_wconf 88' lang='lat' dir='ltr'>nominibus</span> <span class='ocrx_word' id='word_1_81' title='bbox 1056 1839 1232 1915; x_wconf 87' lang='lat' dir='ltr'>carissime,</span> <span class='ocrx_word' id='word_1_82' title='bbox 1260 1840 1325 1904; x_wconf 94' lang='lat' dir='ltr'>Vo-</span> 
     </span>
     <span class='ocr_line' id='line_1_13' title="bbox 133 1955 1326 2040; baseline 0.004 -21"><span class='ocrx_word' id='word_1_83' title='bbox 133 1956 243 2040; x_wconf 89' lang='lat' dir='ltr'>bisque</span> <span class='ocrx_word' id='word_1_84' title='bbox 274 1958 370 2021; x_wconf 86' lang='lat' dir='ltr'>otiam</span> <span class='ocrx_word' id='word_1_85' title='bbox 400 1959 438 2024; x_wconf 76' lang='lat' dir='ltr'>R.</span> <span class='ocrx_word' id='word_1_86' title='bbox 464 1955 618 2035; x_wconf 63' lang='lat' dir='ltr'>Khuvar,</span> <span class='ocrx_word' id='word_1_87' title='bbox 650 1957 841 2035; x_wconf 71' lang='lat' dir='ltr'>Scswrsrz,</span> <span class='ocrx_word' id='word_1_88' title='bbox 871 1959 1014 2036; x_wconf 76' lang='lat' dir='ltr'>Vsusne,</span> <span class='ocrx_word' id='word_1_89' title='bbox 1039 1959 1109 2023; x_wconf 91' lang='lat' dir='ltr'>Viri</span> <span class='ocrx_word' id='word_1_90' title='bbox 1134 1960 1326 2039; x_wconf 77' lang='lat' dir='ltr'>Clarissimi,</span> 
     </span>
     <span class='ocr_line' id='line_1_14' title="bbox 134 2078 1325 2167; baseline 0.005 -27"><span class='ocrx_word' id='word_1_91' title='bbox 134 2100 153 2140; x_wconf 88' lang='lat' dir='ltr'>a</span> <span class='ocrx_word' id='word_1_92' title='bbox 184 2078 298 2161; x_wconf 92' lang='lat' dir='ltr'>quibus</span> <span class='ocrx_word' id='word_1_93' title='bbox 330 2081 363 2142; x_wconf 90' lang='lat' dir='ltr'>in</span> <span class='ocrx_word' id='word_1_94' title='bbox 395 2079 491 2144; x_wconf 88' lang='lat' dir='ltr'>uariis</span> <span class='ocrx_word' id='word_1_95' title='bbox 524 2080 710 2164; x_wconf 77' lang='lat' dir='ltr'>disciplinae</span> <span class='ocrx_word' id='word_1_96' title='bbox 734 2085 862 2145; x_wconf 89' lang='lat' dir='ltr'>nostrae</span> <span class='ocrx_word' id='word_1_97' title='bbox 886 2081 1031 2165; x_wconf 87' lang='lat' dir='ltr'>partibus</span> <span class='ocrx_word' id='word_1_98' title='bbox 1054 2083 1181 2147; x_wconf 89' lang='lat' dir='ltr'>institui</span> <span class='ocrx_word' id='word_1_99' title='bbox 1206 2104 1325 2167; x_wconf 77' lang='lat' dir='ltr'>magno</span> 
     </span>
     <span class='ocr_line' id='line_1_15' title="bbox 134 2199 796 2285; baseline 0.011 -24"><span class='ocrx_word' id='word_1_100' title='bbox 134 2199 214 2262; x_wconf 90' lang='lat' dir='ltr'>mihi</span> <span class='ocrx_word' id='word_1_101' title='bbox 237 2200 299 2263; x_wconf 87' lang='lat' dir='ltr'>fuit</span> <span class='ocrx_word' id='word_1_102' title='bbox 323 2206 354 2264; x_wconf 90' lang='lat' dir='ltr'>et</span> <span class='ocrx_word' id='word_1_103' title='bbox 377 2203 494 2285; x_wconf 83' lang='lat' dir='ltr'>gaudio</span> <span class='ocrx_word' id='word_1_104' title='bbox 517 2207 549 2266; x_wconf 89' lang='lat' dir='ltr'>et</span> <span class='ocrx_word' id='word_1_105' title='bbox 571 2203 796 2268; x_wconf 90' lang='lat' dir='ltr'>emolumento.</span> 
     </span>
    </p>

    <p class='ocr_par' dir='ltr' id='par_1_5' title="bbox 132 2319 1326 2532">
     <span class='ocr_line' id='line_1_16' title="bbox 178 2319 1322 2409; baseline 0.007 -27"><span class='ocrx_word' id='word_1_106' title='bbox 178 2319 224 2382; x_wconf 90' lang='lat' dir='ltr'>At</span> <span class='ocrx_word' id='word_1_107' title='bbox 246 2321 330 2404; x_wconf 85' lang='lat' dir='ltr'>grati</span> <span class='ocrx_word' id='word_1_108' title='bbox 354 2323 453 2385; x_wconf 90' lang='lat' dir='ltr'>animi</span> <span class='ocrx_word' id='word_1_109' title='bbox 477 2345 604 2387; x_wconf 89' lang='lat' dir='ltr'>sensum</span> <span class='ocrx_word' id='word_1_110' title='bbox 629 2324 734 2388; x_wconf 91' lang='lat' dir='ltr'>uerbis</span> <span class='ocrx_word' id='word_1_111' title='bbox 757 2325 920 2389; x_wconf 89' lang='lat' dir='ltr'>testificari</span> <span class='ocrx_word' id='word_1_112' title='bbox 944 2325 1007 2388; x_wconf 90' lang='lat' dir='ltr'>iam</span> <span class='ocrx_word' id='word_1_113' title='bbox 1028 2329 1225 2409; x_wconf 85' lang='lat' dir='ltr'>supersedeo.</span> <span class='ocrx_word' id='word_1_114' title='bbox 1252 2326 1322 2391; x_wconf 90' lang='lat' dir='ltr'>Hoc</span> 
     </span>
     <span class='ocr_line' id='line_1_17' title="bbox 132 2445 1326 2532; baseline 0.005 -26"><span class='ocrx_word' id='word_1_115' title='bbox 132 2445 217 2506; x_wconf 91' lang='lat' dir='ltr'>enim</span> <span class='ocrx_word' id='word_1_116' title='bbox 249 2446 355 2529; x_wconf 90' lang='lat' dir='ltr'>potius</span> <span class='ocrx_word' id='word_1_117' title='bbox 386 2447 465 2510; x_wconf 90' lang='lat' dir='ltr'>mihi</span> <span class='ocrx_word' id='word_1_118' title='bbox 495 2452 543 2510; x_wconf 86' lang='lat' dir='ltr'>est</span> <span class='ocrx_word' id='word_1_119' title='bbox 572 2450 731 2531; x_wconf 83' lang='lat' dir='ltr'>agendum</span> <span class='ocrx_word' id='word_1_120' title='bbox 765 2451 801 2510; x_wconf 90' lang='lat' dir='ltr'>ut</span> <span class='ocrx_word' id='word_1_121' title='bbox 831 2447 923 2512; x_wconf 87' lang='lat' dir='ltr'>factis</span> <span class='ocrx_word' id='word_1_122' title='bbox 951 2448 1093 2513; x_wconf 88' lang='lat' dir='ltr'>studeam</span> <span class='ocrx_word' id='word_1_123' title='bbox 1117 2450 1326 2532; x_wconf 88' lang='lat' dir='ltr'>comprobare</span> 
     </span>
    </p>
   </div>
   <div class='ocr_carea' id='block_1_3' title="bbox 132 2560 1325 2654">
    <p class='ocr_par' dir='ltr' id='par_1_6' title="bbox 132 2560 1325 2654">
     <span class='ocr_line' id='line_1_18' title="bbox 132 2560 1325 2654; baseline 0.002 -24"><span class='ocrx_word' id='word_1_124' title='bbox 132 2587 195 2650; x_wconf 92' lang='lat' dir='ltr'>quo</span> <span class='ocrx_word' id='word_1_125' title='bbox 226 2588 302 2650; x_wconf 84' lang='lat' dir='ltr'>erga</span> <span class='ocrx_word' id='word_1_126' title='bbox 334 2567 399 2631; x_wconf 87' lang='lat' dir='ltr'>Vos</span> <span class='ocrx_word' id='word_1_127' title='bbox 430 2590 540 2632; x_wconf 88' lang='lat' dir='ltr'>omnes</span> <span class='ocrx_word' id='word_1_128' title='bbox 568 2569 674 2632; x_wconf 86' lang='lat' dir='ltr'>animo</span> <span class='ocrx_word' id='word_1_129' title='bbox 706 2570 775 2632; x_wconf 90' lang='lat' dir='ltr'>sim.</span> <span class='ocrx_word' id='word_1_130' title='bbox 820 2569 871 2632; x_wconf 88' lang='lat' dir='ltr'>Ita</span> <span class='ocrx_word' id='word_1_131' title='bbox 902 2570 1029 2633; x_wconf 88' lang='lat' dir='ltr'>demum</span> <span class='ocrx_word' id='word_1_132' title='bbox 1053 2570 1121 2634; x_wconf 89' lang='lat' dir='ltr'>fieri</span> <span class='ocrx_word' id='word_1_133' title='bbox 1146 2570 1265 2654; x_wconf 88' lang='lat' dir='ltr'>poterit</span> <span class='ocrx_word' id='word_1_134' title='bbox 1288 2560 1325 2633; x_wconf 84' lang='lat' dir='ltr'>ut</span> 
     </span>
    </p>
   </div>
   <div class='ocr_carea' id='block_1_4' title="bbox 132 2688 1325 2894">
    <p class='ocr_par' dir='ltr' id='par_1_7' title="bbox 132 2688 1325 2894">
     <span class='ocr_line' id='line_1_19' title="bbox 133 2688 1325 2776; baseline 0.003 -24"><span class='ocrx_word' id='word_1_135' title='bbox 133 2688 304 2773; x_wconf 90' lang='lat' dir='ltr'>aliquando</span> <span class='ocrx_word' id='word_1_136' title='bbox 344 2689 456 2753; x_wconf 82' lang='lat' dir='ltr'>talium</span> <span class='ocrx_word' id='word_1_137' title='bbox 504 2690 654 2754; x_wconf 90' lang='lat' dir='ltr'>Virorum</span> <span class='ocrx_word' id='word_1_138' title='bbox 694 2691 856 2754; x_wconf 87' lang='lat' dir='ltr'>beneficiis</span> <span class='ocrx_word' id='word_1_139' title='bbox 904 2712 970 2755; x_wconf 89' lang='lat' dir='ltr'>non</span> <span class='ocrx_word' id='word_1_140' title='bbox 1013 2714 1141 2776; x_wconf 87' lang='lat' dir='ltr'>prorsus</span> <span class='ocrx_word' id='word_1_141' title='bbox 1173 2692 1325 2776; x_wconf 82' lang='lat' dir='ltr'>indignus</span> 
     </span>
     <span class='ocr_line' id='line_1_20' title="bbox 132 2812 278 2894; baseline -0.007 -21"><span class='ocrx_word' id='word_1_142' title='bbox 132 2812 278 2894; x_wconf 89' lang='lat' dir='ltr'>reperiar.</span> 
     </span>
    </p>
   </div>
   <div class='ocr_carea' id='block_1_5' title="bbox 0 0 1698 5346">
    <p class='ocr_par' dir='ltr' id='par_1_8' title="bbox 0 0 1698 5346">
     <span class='ocr_line' id='line_1_21' title="bbox 0 0 1698 5346; baseline 0 0"><span class='ocrx_word' id='word_1_143' title='bbox 0 0 1698 5346; x_wconf 95' lang='lat' dir='ltr'> </span> 
     </span>
    </p>
   </div>
  </div>
 </body>
</html>
