3386 5346
927 407 969 474 68

350 590 487 654 turbatis
518 593 605 655 ueste
635 589 768 674 capillis.
816 611 948 655 avarus
973 611 1031 654 usu
1056 611 1090 655 ru
1115 611 1268 655 carsravs
1293 611 1418 656 sravu.
1443 587 1545 654 Hein-

349 713 433 796 sius,
466 709 634 776 Aduersar.
670 712 776 790 1742,
800 733 876 797 pag.
902 713 944 777 66
968 713 1064 778 nimis
1091 735 1220 797 operose
1244 713 1363 777 totiens
1386 714 1426 776 de
1450 709 1548 775 crini-

348 836 408 900 bus
431 856 525 920 agere
547 839 674 919 poetam
693 834 892 911 obseruauit3
914 835 1049 899 coniecit
1077 835 1193 919 igitur:
1215 837 1247 900 iu
1268 834 1408 898 cruribus
1428 855 1551 898 aarum,

347 957 369 1022 i.
382 979 408 1024 e.
432 957 635 1043 periscelida,
660 955 829 1040 genualia,
853 959 890 1020 ut
914 956 993 1022 Met.
1020 957 1064 1022 X.
1091 956 1173 1023 593:

483 1077 663 1163 Poplitibus
687 1077 840 1142 suberant
862 1077 947 1162 picto
971 1077 1121 1162 genualia
1147 1078 1258 1143 limbo.

347 1199 433 1264 Fast.
457 1199 502 1265 ΙΙ.
528 1199 611 1263 323:
635 1197 788 1283 Fregerat
811 1197 950 1264 armillas
974 1221 1042 1264 non
1064 1200 1121 1264 illa
1145 1200 1186 1265 ad
1210 1199 1341 1264 brachia
1363 1198 1484 1276 factas,

689 1321 883 1388 Scindebant
907 1321 1017 1406 magni
1040 1322 1170 1387 uincula
1191 1343 1295 1406 parua
1319 1320 1424 1406 pedes.

394 1443 546 1511 Similiter
579 1444 746 1523 Heinsius,
778 1443 948 1510 Aduersar.
981 1444 1026 1508 l.l.
1057 1446 1091 1508 et
1108 1442 1315 1508 Burmannus
1334 1462 1392 1527 pro
1415 1441 1549 1506 crinibus

348 1567 531 1632 maluerunt
553 1568 692 1632 cruribus
716 1565 793 1630 Her.
817 1564 910 1631 XXI.
937 1565 1000 1629 89:

526 1687 706 1754 Comuntur
729 1692 856 1753 nostrae
880 1691 982 1752 matre
1005 1687 1137 1752 iubente
1159 1709 1287 1752 comae:

484 1811 561 1897 Ipsa
584 1812 672 1876 dedit
695 1831 836 1895 gemmas
860 1810 969 1895 digitis
994 1814 1026 1874 et
1049 1811 1183 1875 omnibus
1206 1831 1339 1886 aurum,

530 1932 576 1997 Et
599 1936 703 1998 uestes
726 1932 867 1996 humeris
889 1932 996 1996 induit
1018 1931 1087 2016 ipsa
1112 1931 1199 1998 meis.

349 2055 401 2121 Ad
434 2076 528 2140 quem
559 2057 669 2119 tamen
699 2054 803 2118 locum
836 2052 968 2117 Heinsio
999 2055 1084 2118 recte
1116 2053 1214 2118 obicit
1244 2050 1427 2136 Lennepius
1461 2049 1548 2114 aliud

350 2197 416 2240 esse
451 2175 551 2241 crines
586 2196 728 2253 comere,
765 2175 850 2238 aliud
881 2174 970 2258 pexis
1002 2174 1066 2239 iam
1097 2178 1130 2239 et
1160 2176 1296 2260 comptis
1329 2197 1441 2240 aurum
1474 2174 1549 2239 dare

352 2295 454 2381 [aliud
478 2296 780 2378 ornatosodoribus
803 2296 968 2380 imbuere].
990 2295 1117 2361 Aurum
1139 2297 1290 2363 nimirum
1311 2299 1360 2362 est
1379 2296 1546 2376 στλεγγίς,

350 2416 486 2498 crinale,
510 2416 550 2483 cf.
574 2417 647 2482 Am.
673 2418 736 2483 111.
763 2418 816 2483 13.
843 2417 903 2482 25:

486 2540 635 2626 Virginei
659 2540 760 2605 crines
784 2561 860 2605 auro
884 2561 1074 2627 gemmaque
1096 2544 1295 2626 premuntur.

351 2661 428 2726 Met.
457 2661 495 2727 V.
520 2661 562 2726 52
587 2683 652 2746 sq.:
668 2709 676 2727 .
691 2713 698 2728 .
713 2709 743 2726 ..
768 2663 927 2727 ornabant
950 2666 1062 2728 aurata
1086 2664 1218 2728 monilia
1240 2664 1377 2749 collum,

487 2781 531 2846 Et
554 2783 697 2848 madidos
721 2805 828 2848 murra
851 2805 984 2848 curuum
1007 2784 1127 2849 crinale
1151 2785 1293 2870 capillos.

350 2904 395 2969 Et
418 2905 462 2970 sic
485 2904 708 2990 explicandum
733 2905 860 2970 uidetur
884 2930 997 2972 aarum
1019 2907 1093 2972 Am.
1118 2907 1145 2972 I.
1174 2908 1225 2974 10.
1250 2907 1312 2973 61.·

487 3025 680 3092 Scindentur
699 3029 821 3105 uestes,
844 3048 987 3112 gemmae
1004 3027 1195 3113 frangentur
1216 3032 1248 3093 et
1268 3051 1390 3093 aurum.

396 3146 486 3214 Neue
520 3148 719 3213 offendamur
752 3149 838 3233 quod
861 3150 980 3214 totiens
1003 3153 1042 3215 de
1063 3150 1203 3216 crinibus
1222 3152 1292 3237 agit
1314 3155 1426 3237 poeta,
1456 3173 1544 3218 oom-

350 3274 500 3354 parantes
524 3292 562 3335 ex
581 3270 676 3336 Pont.
701 3269 761 3336 ΙΙΙ.
787 3273 817 3335 3.
844 3271 884 3334 15
909 3294 996 3356 sqq.:

486 3390 554 3458 Nec
577 3394 723 3477 torquem
748 3391 850 3476 collo,
875 3413 934 3456 nec
957 3392 1079 3458 habens
1103 3393 1222 3459 crinale
1245 3394 1388 3480 capillis,

532 3515 601 3580 Nec
623 3513 703 3577 bene
725 3513 895 3597 dispositas
918 3518 1080 3598 comptus,
1105 3518 1142 3579 ut
1166 3519 1258 3595 ante,
1283 3537 1398 3582 comas.

486 3633 627 3700 Horrida
650 3635 834 3720 pendebant
858 3635 968 3700 molles
993 3657 1086 3720 super
1110 3657 1166 3701 ora
1189 3636 1305 3722 capilli.

350 3762 384 3823 et
406 3755 524 3823 Tibull.
550 3757 577 3824 Ι.
603 3756 634 3822 8.
660 3758 680 3821 9
705 3778 771 3842 sq.:

487 3876 570 3954 Quid
592 3878 652 3943 tibi
674 3900 761 3943 nunc
784 3879 894 3943 molles
918 3880 1048 3964 prodest
1070 3880 1202 3945 coluisse
1225 3880 1375 3968 capillos,

533 3998 695 4084 Saepeque
720 4003 857 4066 mutatas
881 4001 1071 4085 disposuisse
1094 4022 1211 4067 comas.

397 4243 455 4312 Vs.
480 4243 521 4312 76
545 4264 603 4330 pro
626 4242 777 4331 uulgato:
802 4241 878 4312 Nou
898 4245 1013 4311 eraso
1035 4265 1160 4312 noscas
1174 4267 1258 4313 acas
1272 4267 1543 4334 clarummontem,

352 4389 435 4432 unus
442 4369 474 4454 f.
488 4367 633 4433 exhibet:
647 4368 725 4432 Noa
735 4367 880 4433 Arabum
892 4381 995 4433 noster
1007 4370 1089 4432 dona
1101 4370 1229 4457 capillus
1242 4372 1330 4438 babet
1338 4373 1433 4458 (dora
1445 4374 1543 4439 etiam

351 4515 394 4576 og.
407 4492 462 4578 a),
493 4492 579 4575 quod
602 4488 688 4554 haud
711 4489 774 4554 scio
799 4511 841 4552 an
865 4489 907 4553 sit
929 4488 1187 4573 praeferendum,
1217 4513 1412 4578 quamquam
1434 4495 1469 4559 in
1496 4495 1544 4560 le·

352 4611 457 4676 ctione
473 4613 614 4697 'uulgata
638 4611 719 4678 nihil
742 4611 826 4676 inest
848 4611 934 4696 quod
958 4613 1181 4697 reprehendas.
1222 4614 1355 4682 Frustra
1378 4618 1464 4682 enim
1486 4617 1543 4682 im·
