3386 5346
738 387 780 453 41

160 591 307 657 peruerse
329 568 477 635 iudicarit
500 571 663 650 Francke,
687 573 907 638 demonstratu
931 576 979 638 est
1002 573 1199 638 facillimum.
1229 572 1358 658 Optime

159 691 303 777 profecto
334 694 441 778 elegos
471 715 564 780 posse
596 695 658 761 dici
689 716 816 760 carmen
840 696 1007 781 querulum
1031 698 1121 780 patet
1143 695 1207 760 iam
1232 717 1248 760 e
1273 694 1358 760 notis

160 815 289 881 Horatii
312 837 375 882 uss.
403 817 444 881 ab
467 816 537 902 ipso
561 816 721 884 Franckio
744 818 867 883 citatis:

273 936 427 1003 Versibus
450 939 614 1025 impariter
635 941 754 1005 iunctis
777 940 978 1026 querimonia
1002 940 1159 1024 primum,
1185 942 1245 1006 cet.

205 1058 318 1145 Neque
347 1062 580 1147 praeteruidere
603 1062 715 1127 debuit
737 1062 883 1129 Francke
908 1063 1014 1128 locum
1037 1062 1112 1128 huic
1136 1064 1265 1127 nostrae
1289 1061 1356 1147 epi-

160 1183 263 1247 stulae
286 1183 392 1248 uersui
415 1183 613 1249 simillimum
638 1185 718 1250 Hor.
743 1184 779 1252 G.
807 1186 836 1252 1.
863 1187 916 1251 33.
944 1184 961 1249 1
987 1206 1078 1271 sqq.:

433 1304 528 1390 Albi,
553 1327 595 1370 ne
617 1307 725 1371 doleas
747 1307 820 1392 plus
842 1306 942 1371 nimio
966 1326 1088 1371 memor

432 1424 570 1491 Immitis
595 1425 762 1511 Glycerae,
787 1450 850 1493 neu
873 1427 1067 1493 miserabiles

433 1547 592 1613 Decantee
616 1549 742 1634 elegos,
766 1572 822 1615 cur
843 1549 904 1614 tibi
926 1549 1033 1614 iunior

392 1679 396 1689 '
477 1669 576 1735 Laesa
599 1673 780 1756 praeniteat
803 1671 875 1738 fide.

207 1788 400 1865 Quibuscum
420 1793 623 1876 comparetur
642 1792 839 1878 epigramma
858 1792 940 1857 illud
959 1792 1052 1857 Dom.
1073 1791 1172 1856 Marsi
1190 1792 1224 1856 in
1237 1787 1357 1857 Tibulli

160 1910 301 1976 obitum:

297 2034 342 2099 Te
365 2056 492 2121 quoque
517 2035 656 2122 Vergilio
680 2037 828 2103 comitem
853 2059 919 2102 non
944 2059 1062 2123 aequa,
1086 2036 1231 2110 Tibulle,

344 2157 438 2236 Mors
455 2159 602 2224 iuuenem
626 2181 754 2243 campos
778 2160 866 2224 misit
888 2161 929 2224 ad
952 2159 1095 2245 Elysios:

299 2279 350 2345 Ne
373 2280 457 2346 foret
479 2284 536 2346 aut
557 2282 655 2367 elegis
678 2283 789 2347 molles
813 2283 869 2368 qui
892 2282 982 2348 fleret
1006 2303 1146 2360 amores,

348 2402 417 2468 Aut
440 2408 569 2470 caneret
593 2404 671 2469 forti
693 2405 782 2489 regia
805 2405 890 2470 bella
913 2405 1005 2488 pede.

164 2650 222 2717 Vs.
245 2653 277 2717 8.
300 2651 376 2717 Non
402 2673 495 2716 ruam
520 2673 561 2716 so
586 2673 748 2717 nscsruas
772 2655 833 2718 cet.
858 2651 899 2717 cf.
924 2650 999 2718 Am.
1022 2650 1082 2717 III.
1109 2652 1163 2716 11.
1189 2651 1246 2716 42:

302 2773 379 2841 Non
402 2774 481 2840 facit
504 2776 544 2840 ad
568 2797 672 2841 mores
695 2779 762 2840 tam
786 2775 872 2839 bona
894 2775 998 2839 forma
1021 2773 1132 2838 malos.

166 2895 244 2962 Her.
269 2895 357 2962 XIV.
384 2896 446 2975 56;
469 2897 546 2963 Non
568 2896 693 2962 faciunt
715 2897 827 2961 molles
850 2897 891 2960 ad
913 2895 982 2960 fera
1006 2896 1069 2960 tela
1093 2916 1218 2959 manus.

167 3018 244 3084 Her.
268 3018 325 3085 VI.
353 3020 437 3097 1283
461 3018 533 3084 XV.
560 3020 635 3084 190.
660 3019 757 3086 Trist.
781 3018 806 3083 Ι.
835 3019 886 3082 10.
913 3019 966 3084 44.

213 3140 270 3207 Vs.
295 3143 327 3208 9.
359 3140 571 3228 Comparatur
602 3141 719 3206 amoris
749 3141 844 3206 ardor
875 3161 946 3205 cum
978 3141 1126 3204 messium
1159 3141 1192 3203 et
1214 3158 1364 3223 agrorum

167 3264 335 3342 incendi0,
361 3268 398 3329 ut
421 3264 461 3329 ab
484 3264 554 3349 ipso
578 3262 694 3330 Ouidio
718 3263 756 3326 lit
779 3262 920 3346 saepius,
949 3284 975 3326 e.
991 3282 1021 3346 g.
1047 3260 1125 3325 Met.
1151 3259 1209 3325 VI.
1235 3259 1319 3324 455:
1442 3273 1444 3276 ’

304 3385 382 3452 Non
405 3408 493 3452 secus
518 3386 637 3451 exarsit
661 3387 832 3471 conspecta
857 3383 983 3468 uirgine
1007 3383 1142 3460 Tereus,

304 3505 407 3583 Quam
433 3508 461 3573 si
483 3507 555 3593 quis
580 3507 668 3572 canis
692 3507 800 3592 ignem
825 3509 986 3592 supponat
1010 3504 1125 3569 aristis.

170 3628 248 3697 Met.
272 3628 299 3696 Ι.
324 3630 409 3695 492:

309 3751 416 3836 thue
438 3751 524 3817 leues
548 3751 684 3836 stipulae
706 3751 844 3836 demptis
868 3750 1036 3815 adolentur
1059 3747 1184 3832 aristis,

308 3871 355 3937 Ut
376 3873 499 3938 facibus
522 3895 631 3957 saepes
655 3875 786 3950 ardent,
812 3894 891 3956 quas
914 3871 996 3936 forte
1023 3869 1126 3934 uiator

309 3993 370 4058 Vel
394 3994 489 4060 nimis
512 3995 672 4078 admouit,
697 3995 749 4058 uel
771 3994 835 4058 iam
860 3993 919 4057 sub
942 3992 1012 4056 luce
1036 3990 1182 4075 reliquit:

309 4114 359 4181 Sic
384 4117 460 4181 deus
483 4117 517 4181 in
541 4116 685 4181 flammas
708 4115 806 4193 abiit,
829 4115 875 4180 sic
898 4118 1025 4199 pectore
1050 4114 1120 4177 toto

310 4237 422 4304 Uritur
444 4242 477 4304 et
499 4239 637 4304 sterilem
661 4239 819 4323 sperando
841 4236 944 4300 nutrit
968 4256 1119 4301 amorem.

220 4359 317 4426 Vsos
342 4381 381 4424 vr
407 4399 466 4439 -,
491 4359 530 4425 cf.
557 4361 634 4426 Her.
660 4359 737 4426 VII.
764 4359 824 4425 15:

312 4480 397 4546 Uror
420 4485 457 4546 ut
480 4482 611 4547 inducto
635 4484 759 4547 ceratae
781 4480 933 4564 sulphure
956 4480 1084 4557 taedac;

357 4605 489 4670 Aenean
513 4604 620 4670 animo
644 4625 770 4688 noxque
793 4604 921 4701 diesque
944 4602 1051 4667 refert.
