3380 5346
722 377 782 441 121

154 561 327 628 inuenitur.
363 561 551 627 Rectissime
586 582 661 626 uero
696 561 846 626 obseruat
879 559 976 626 Loers
992 561 1027 647 ¹),
1058 561 1086 625 si
1116 557 1351 626 Schneidewini

154 684 312 748 rationem
336 685 491 770 sequaris,
516 686 722 749 statuendum
746 705 812 748 esse
835 685 869 747 et
890 683 1026 746 alterurn
1049 682 1140 746 illnm
1163 683 1350 766 genetiunm

155 806 265 872 Atreu
289 806 407 872 alicubi
430 807 517 892 apud
540 806 688 872 Ouidium
712 805 810 870 fuisse
832 807 970 883 lectum,
993 827 1065 870 oum
1086 804 1206 870 Marius
1225 803 1350 870 Plotius

156 933 325 1014 utramque
356 928 492 994 formam
522 929 558 993 in
591 967 629 978 -
665 930 726 993 rtis
757 932 790 992 et
820 928 856 992 in
888 965 928 976 -
961 930 1009 992 dis
1041 927 1155 991 diserte
1186 926 1350 1004 nominet,

157 1074 260 1138 neque
282 1051 362 1116 illud
385 1055 427 1116 ssi:
454 1049 585 1117 Ouidius
607 1052 648 1116 ad
671 1051 803 1116 alteram
827 1050 927 1114 solam
950 1050 1051 1134 possit
1073 1053 1225 1134 spectare.

201 1173 341 1239 Omnino
372 1195 449 1238 uero
480 1176 660 1239 cauendum
691 1177 739 1238 est
766 1195 807 1238 ne
830 1195 869 1238 ex
892 1172 1047 1238 eiusmodi
1070 1173 1350 1256 grammaticorum

157 1296 348 1362 testimoniis
373 1294 466 1380 plura
490 1295 660 1361 efficiamus
684 1318 780 1381 quam
803 1294 865 1380 ipsi
877 1294 1046 1359 noluerint
1062 1294 1103 1359 In
1115 1294 1252 1359 citandis
1264 1295 1350 1359 enirn

157 1417 338 1496 uocabulis,
364 1439 446 1503 quae
469 1439 508 1482 ex
531 1418 694 1504 scriptoris
717 1418 796 1483 loeis
817 1416 1016 1502 proferrent,
1036 1439 1090 1482 eos
1110 1439 1176 1482 non
1195 1418 1229 1482 id
1249 1417 1350 1503 egisse

156 1542 193 1604 ut
223 1541 355 1605 eandem
387 1541 523 1605 formam
556 1540 800 1625 grammaticam
830 1539 1034 1619 exhiberent,
1067 1562 1131 1626 qua
1161 1538 1210 1604 illi
1244 1542 1352 1606 essent

155 1661 223 1738 usi,
254 1665 309 1726 sed
337 1663 466 1726 tantum
497 1661 694 1748 significasse
725 1662 786 1726 hoc
817 1662 869 1726 uel
898 1661 979 1725 illud
1003 1661 1194 1726 uocabulum
1218 1662 1351 1726 -siue

157 1805 232 1848 casu
255 1788 342 1850 recto
366 1784 432 1849 siue
456 1784 584 1870 obliquo
611 1823 651 1834 -
678 1805 715 1848 eo
738 1785 809 1849 loeo
832 1783 982 1869 reperiri,
1004 1806 1070 1848 non
1083 1782 1186 1848 solnm
1199 1787 1237 1848 de
1248 1783 1351 1849 Mario

157 1905 282 1984 Plotio,
308 1927 418 1970 uerum
442 1907 539 1970 etiam
564 1907 603 1970 de
627 1905 739 1971 ceteris
763 1907 857 1970 ualet.
885 1904 983 2005 Quius
1007 1905 1053 1969 rei
1073 1905 1273 1970 luculentum
1292 1905 1351 1969 ha-

157 2028 269 2093 bemus
289 2029 469 2113 exemplum
494 2029 579 2114 apud
600 2029 706 2114 ipsum
730 2028 927 2093 Priscianum
951 2026 1007 2113 (II.
1033 2029 1107 2092 281.
1137 2027 1215 2112 H.):
1236 2027 1352 2112 »glans

159 2149 295 2234 glandis.
315 2148 368 2214 Sic
394 2149 528 2214 Ouidius
556 2150 592 2214 in
615 2149 689 2215 XlV
713 2149 1014 2234 Metamorphoseon
1035 2155 1094 2229 [us.
1119 2149 1184 2213 825
1208 2150 1291 2232 sq.]:
1315 2151 1354 2212 ut

158 2272 225 2337 lata
248 2273 398 2357 plumbea
423 2273 523 2337 funda
547 2272 645 2337 Missa
668 2272 749 2338 solet
772 2272 876 2337 medio
900 2291 1004 2336 onnus
1024 2271 1220 2335 intabescere
1231 2270 1352 2336 coelo”.

159 2393 401 2478 Peropportune
426 2417 502 2459 sane
524 2395 639 2459 accidit
662 2394 747 2480 quod
771 2394 954 2459 Priscianus
976 2393 1021 2457 ibi
1040 2393 1111 2477 ipsa
1129 2391 1236 2457 Ouidii
1256 2392 1354 2456 uerba

159 2516 338 2580 adscribere
369 2516 521 2600 dignatus
555 2519 613 2580 eat.
650 2515 732 2579 lllud
764 2515 849 2578 enim
881 2515 908 2578 si
941 2514 1114 2591 omisisset,
1141 2514 1206 2577 iam
1230 2513 1354 2578 audires

160 2640 388 2702 contendentes
421 2659 546 2702 uersum
576 2639 640 2702 826
666 2636 739 2701 libri
762 2634 840 2702 XIV
865 2635 1165 2720 Metamorphoseon
1187 2657 1254 2700 esse
1277 2657 1354 2719 spu·

159 2758 259 2838 rium,
284 2761 452 2844 propterea
477 2759 563 2843 qnod
589 2763 717 2824 auctore
741 2757 905 2822 Prisciano
928 2759 963 2823 in
989 2758 1131 2842 genuino
1143 2756 1251 2822 Ouidii
1262 2779 1356 2823 uersu

160 2881 314 2965 scripturn
337 2903 404 2946 esse
430 2881 560 2945 deberet
583 2901 649 2945 non
669 2881 761 2964 plone
785 2881 840 2944 sed
862 2881 1008 2965 plaudis!

206 3001 340 3067 Minime
371 3025 447 3068 uero
479 3002 539 3068 hac
566 3004 603 3067 in
629 3025 664 3068 re
688 3003 767 3067 fides
790 3005 839 3067 est
862 3002 1009 3067 habenda
1033 3001 1181 3078 Loersio,
1206 3001 1262 3066 ubi
1286 3001 1356 3088 opi·

162 3124 290 3188 nionem
320 3124 443 3209 profert
467 3125 502 3209 (l.
527 3124 547 3187 1.
576 3147 608 3208 p.
633 3125 690 3210 43)
713 3124 854 3189 Probum
880 3122 972 3205 [Mar.
997 3123 1098 3209 Plot]
1123 3124 1177 3189 hio
1199 3127 1358 3208 spectasse

163 3245 276 3329 Attin,
309 3251 422 3310 notum
453 3247 586 3332 Cybeles
616 3249 808 3324 amatorem,
840 3267 935 3331 quem
960 3245 1086 3330 saepius
1110 3247 1257 3311 nominet
1280 3246 1359 3312 Oni-

164 3367 244 3432 dins.
277 3367 362 3433 Nam
394 3390 435 3432 ne
467 3369 500 3432 id
523 3369 651 3454 quidem
675 3390 793 3433 nomen
818 3369 903 3454 apud
928 3367 1079 3433 Ouidium
1103 3368 1223 3452 legitur
1245 3369 1281 3433 in
1304 3389 1360 3454 ge-

164 3491 292 3569 netiuo,
324 3513 428 3576 neque
462 3490 516 3556 ille
539 3513 689 3576 nmquam
716 3494 850 3556 uocatur
873 3491 1003 3570 Atthis,
1028 3493 1082 3556 red
1105 3490 1158 3555 nel
1180 3489 1286 3571 Attis,
1310 3493 1362 3557 uel

164 3609 264 3695 Atys,
291 3611 380 3689 ntis,
406 3614 516 3690 Attes,
549 3612 644 3676 Attin
657 3611 702 3698 2);
734 3613 936 3697 denique-
961 3616 999 3676 ut
1021 3612 1188 3697 ingeniose
1212 3614 1363 3678 obserbat

166 3732 365 3818 Comparetti
386 3733 408 3797 l.
432 3733 454 3800 1.
479 3757 509 3818 p.
539 3734 579 3798 11
606 3771 649 3782 -
668 3733 694 3798 si
712 3733 797 3798 hunc
817 3734 1006 3818 respexisset
1025 3735 1271 3819 grammaticus,
1283 3758 1360 3822 pro·

165 3850 250 3917 fecto
282 3875 348 3918 non
372 3855 561 3920 addidisset:
588 3859 630 3922 ee'ar
656 3854 804 3933 Ouidius,
830 3877 905 3919 nam
928 3853 1017 3920 Attis
1040 3855 1094 3920 ille
1120 3858 1319 3923 sexcentiens
1343 3881 1363 3923 a

166 3973 385 4058 compluribus
433 3978 640 4063 scriptoribus
683 3978 884 4043 nominatur:
928 3980 1038 4042 noster
1081 4000 1156 4043 uero
1199 3983 1361 4046 auctorem

166 4100 245 4161 tnnc
276 4096 379 4161 solum
409 4097 531 4164 indicat
563 4121 635 4165 cum
669 4099 776 4185 agitur
800 4100 839 4164 de
862 4099 992 4164 nomine
1018 4101 1124 4164 minus
1148 4105 1245 4179 noto,
1270 4101 1363 4187 quale

166 4222 251 4284 certe
274 4224 323 4284 est
345 4220 506 4301 Atthidis,
531 4221 678 4308 Sapphus
703 4223 838 4301 amicae,
863 4244 944 4308 quae
967 4245 987 4286 a
1011 4223 1100 4287 nullo
1123 4223 1276 4308 scriptore
1300 4223 1361 4288 La·

202 4519 226 4579 1)
244 4520 309 4569 Mus.
327 4519 403 4569 ltben.
422 4520 455 4569 N.
474 4523 498 4569 S.
516 4519 559 4568 IV.
575 4536 599 4585 p.
617 4522 659 4570 44.

202 4601 227 4664 2)
245 4602 281 4652 Gt
299 4602 428 4653 Solmmim
445 4603 475 4653 od
492 4602 601 4654 Solinnm
617 4620 641 4670 p.
661 4601 720 4664 3'le;
739 4605 769 4654 Ο.
789 4604 851 4654 Iehn
868 4604 898 4654 od
914 4604 980 4654 Pers.
998 4605 1022 4652 8.
1041 4603 1062 4652 1.
1081 4603 1120 4653 93.
