3386 5346
887 381 929 446 38

311 565 628 652 Alloquor.‚aduereo
651 566 804 628 mouimus
826 565 887 628 isto
910 566 974 628 deo.
999 562 1040 627 ef.
1065 561 1142 627 Met.
1165 559 1253 627 XIV.
1280 564 1340 627 20:
1370 559 1503 628 Carmen

316 687 376 754 Ore
406 711 493 754 moue
524 710 621 752 sacro.
653 684 739 752 Fast.
772 685 797 752 I.
832 686 891 751 19:
923 686 1051 771 Paqina
1082 688 1229 752 iudicium
1260 687 1342 750 docti
1363 686 1505 750 subitura
1573 696 1576 702 ’

311 822 454 880 mouetur
477 809 648 896 Principis.
674 809 757 874 268:
783 808 857 896 Ipse
879 832 961 874 meae
985 810 1071 874 moui
1092 809 1219 874 callidae
1239 810 1319 873 artis
1343 831 1429 895 opus.
1442 805 1501 873 III.

314 932 374 998 ll:
414 931 498 1012 Quid
519 932 601 996 enim
623 942 707 996 uetat
729 932 800 995 inde
821 933 948 996 moueri.
984 929 1028 993 Et
1050 929 1095 995 sio
1118 931 1167 994 est
1189 931 1275 1015 apud
1298 928 1396 1013 Verg.
1421 926 1504 996 Aen.

313 1053 389 1119 VH.
421 1052 484 1118 45:
517 1051 625 1116 Maius
647 1074 724 1139 opus
747 1073 862 1116 moneo.
908 1050 1035 1115 Monere
1057 1050 1158 1135 igit-ur
1181 1053 1230 1115 est
1251 1049 1411 1134 incipere,
1435 1072 1504 1114 me·

311 1173 465 1240 nifestum
497 1173 614 1256 faeere,
647 1171 804 1257 proferre,
837 1173 874 1235 ut
904 1174 989 1236 reete
1011 1171 1075 1235 iam
1100 1170 1236 1256 Bentley
1250 1169 1276 1258 ¹)
1300 1174 1333 1235 et
1356 1169 1504 1258 Gierig2)

312 1298 390 1363 sunt
412 1294 625 1381 interpretati.
650 1293 690 1358 ef.
718 1292 829 1371 [noers.
855 1293 937 1358 Mus.
961 1291 1065 1358 Rhen.
1085 1292 1127 1358 N.
1149 1293 1181 1360 S.
1194 1292 1253 1360 IV.
1266 1317 1298 1379 p.
1312 1291 1503 1371 413R.Bo-

312 1418 477 1495 denstein‚
502 1417 631 1483 Studien
653 1440 694 1480 zu
720 1413 814 1481 Ovios
836 1415 995 1482 Heroiden
1009 1417 1057 1502 ³),
1082 1439 1114 1500 p.
1141 1417 1192 1483 ll.

358 1537 558 1604 Indioatiuus
581 1541 688 1602 eutem
712 1549 854 1602 mouetur
876 1536 912 1601 in
934 1536 1198 1623 interrogatione,
1222 1559 1304 1622 quae
1327 1536 1443 1602 dieitur
1452 1536 1504 1600 in·

180 1730 182 1734 ,
313 1660 447 1739 directa,
472 1680 537 1724 nou
561 1661 609 1724 est
632 1679 687 1724 eur
711 1658 867 1737 offendet,
891 1680 1085 1743 quamquam
1109 1659 1304 1725 damnarunt
1328 1681 1399 1724 eum
1421 1679 1505 1723 non·

314 1783 397 1848 nulli
430 1781 543 1862 (ueluti
576 1782 604 1846 is
638 1780 694 1866 qui
728 1781 855 1865 seripsit
886 1781 1003 1848 librum
1031 1783 1087 1868 f.‚
1118 1783 1252 1869 pessime
1282 1782 1354 1848 ideo
1378 1784 1506 1848 mutans

314 1917 456 1970 mouetur
477 1903 512 1968 in
533 1905 671 1990 ueniret).
708 1902 861 1969 Similiter
883 1903 980 1989 plane
1004 1903 1121 1969 dieitur
1143 1903 1220 1969 Her.
1244 1903 1334 1970 XVI.
1361 1904 1402 1970 78
1417 1902 1507 1968 -in

314 2024 508 2090 editionibus
540 2022 694 2089 Merkelio
724 2024 937 2089 anterioribus
969 2063 1003 2074 -
1028 2024 1122 2090 Hane
1152 2048 1213 2091 esee
1243 2038 1278 2091 ut
1307 2027 1398 2091 aeirus
1428 2027 1508 2091 mede

314 2159 456 2212 mouetur
478 2168 577 2212 amor.
602 2144 715 2230 Neque
739 2145 853 2210 desunt
875 2145 1019 2229 exempla
1038 2146 1154 2231 quibus
1174 2145 1227 2212 hio
1246 2146 1414 2213 indicatiui
1433 2168 1509 2212 usus

316 2266 523 2343 defendatur3
554 2265 600 2332 sio
628 2265 708 2332 Met.
741 2264 780 2330 X.
814 2266 879 2331 637
909 2265 944 2330 in
967 2265 1061 2332 bonis
1084 2268 1175 2334 codd.
1200 2267 1349 2332 omnibus
1372 2267 1509 2353 legitur:

320 2387 404 2468 Quid
427 2390 512 2476 feeit
536 2390 699 2474 quoram,
725 2387 941 2473 quodminus
965 2392 1049 2454 reete
1073 2391 1241 2454 mutarunt
1265 2389 1412 2456 editores.
1447 2389 1508 2454 Iti·

316 2512 388 2576 dem
411 2510 604 2576 indicetiuus
626 2514 675 2576 est
696 2511 732 2575 in
756 2510 886 2595 optimis
909 2520 950 2577 P.
969 2515 1001 2576 et
1020 2520 1061 2576 G.
1085 2510 1174 2577 libris
1193 2511 1228 2576 in
1249 2533 1342 2577 uersu
1361 2510 1509 2597 quemuis

317 2635 466 2719 corrupto
488 2630 565 2697 Her.
586 2631 629 2698 X.
653 2634 715 2698 86:

453 2752 531 2831 Quis
554 2754 615 2820 soit
637 2777 679 2819 an
702 2754 780 2820 haee
803 2777 914 2820 saeuas
935 2755 1069 2841 tigridas
1091 2755 1198 2822 insula
1220 2755 1326 2823 habet.

318 2875 369 2941 Ita
392 2876 476 2962 apud
499 2875 679 2941 Lucretium
703 2875 761 2943 VI.
787 2876 830 2941 45
857 2875 1032 2960 (Leohm.):

453 2996 497 3062 nt
518 3019 735 3083 quaecumque
757 2998 793 3063 in
817 3020 854 3063 eo
878 2999 963 3063 fiunt
985 2999 1105 3065 fateare
1128 3005 1292 3066 necessest.

318 3118 403 3205 apud
426 3118 605 3205 Vergilium
628 3119 695 3185 nol.
722 3119 762 3188 V.
788 3122 827 3186 6.·

865 3242 979 3328 Aspice
1003 3245 1041 3308 ut
1064 3245 1193 3309 antrum

456 3363 616 3428 Siluestris
638 3363 717 3428 raris
738 3364 856 3449 sparsit
876 3364 1023 3430 labrusca
1045 3366 1187 3432 racemis.

366 3483 449 3549 Aen.
473 3483 531 3550 VI.
558 3485 624 3549 614
646 3501 712 3569 sq.:
738 3506 779 3549 ne
801 3507 916 3569 quaere
940 3487 1044 3552 dooeri
1058 3526 1095 3536 —
1112 3509 1193 3572 quae
1215 3487 1319 3553 forma
1341 3487 1427 3553 uiros
1446 3487 1512 3553 for·

320 3608 441 3670 tunaue
464 3604 583 3670 mersit.

367 3725 447 3792 Prae
468 3725 580 3791 ueteris
604 3729 708 3791 autem
734 3728 836 3813 poetis
860 3728 1000 3813 posuisse
1023 3732 1200 3817 promiscue
1223 3733 1259 3797 in
1281 3731 1341 3797 tali
1363 3734 1512 3798 oonstru·

322 3847 429 3912 ctione
460 3846 512 3912 nel
542 3846 753 3912 indicetiuum
785 3850 837 3914 uel
869 3851 1108 3918 eoniunotiuum
1139 3853 1341 3939 Propertium
1363 3858 1453 3941 patet
1476 3869 1527 3919 ex·

323 3968 478 4054 exemplis
501 3968 640 4034 eolleotis
664 3970 750 4054 apud
769 3969 981 4056 Draegerum,
1000 3973 1108 4039 histor.
1130 3975 1251 4062 Syntou
1270 3975 1328 4042 H2.
1350 3997 1424 4062 pag.
1437 3977 1515 4042 474.

323 4087 372 4154 De
403 4089 538 4154 aliorum
565 4093 731 4176 poetarum
764 4091 946 4159 huiusmodi
978 4117 1037 4160 usu
1067 4097 1132 4160 uid.
1164 4096 1346 4184 Heusinger
1379 4099 1419 4164 ad
1449 4096 1514 4166 (tio.

324 4210 386 4279 Off.
410 4211 438 4279 Ι.
465 4213 518 4277 26.
545 4213 584 4296 5;
610 4214 640 4280 7.
665 4214 695 4280 6.
720 4212 763 4279 H.
790 4214 821 4278 5.
848 4216 879 4280 4.
903 4214 955 4280 Fr.
981 4215 1064 4295 Leo,
1086 4215 1253 4284 Obseruat.
1273 4221 1344 4285 orit.
1366 4221 1405 4285 de
1416 4218 1515 4286 Sene-

323 4355 379 4400 oao
402 4334 591 4419 tragoediis,
615 4356 689 4421 pag.
716 4337 758 4400 92
783 4357 852 4421 sqq.

325 4461 507 4475 ⁸·——n—

358 4526 386 4592 1)
402 4525 440 4576 ed
457 4526 519 4576 Hor.
538 4527 566 4576 0.
586 4525 636 4576 111.
654 4523 677 4578 7.
695 4527 735 4577 20.
1003 4527 1031 4592 t)
1052 4529 1086 4580 ed
1104 4529 1176 4583 Ouid.
1195 4530 1258 4586 no.
1275 4529 1343 4586 XIV,
1361 4531 1401 4586 20.

358 4611 386 4678 8)
404 4609 488 4675 Proqr.
511 4625 617 4679 gymnas
636 4610 785 4678 usenberg.
807 4611 879 4665 1882.
