3380 5346
907 419 969 482 146

334 599 453 676 Quodsi
476 599 527 664 hic
552 602 635 665 esset
656 600 816 677 imitator,
839 599 1005 665 fatendum
1033 601 1124 666 nobis
1148 607 1229 667 esset
1253 626 1325 668 eum
1356 605 1394 668 de
1418 605 1531 670 litteris

336 723 460 788 Latinis
484 723 570 787 haud
593 722 708 787 leuiter
731 743 797 786 esse
822 723 983 788 meritum.

382 847 455 911 Alia
486 847 607 910 accedit
637 867 686 909 res
718 867 799 929 quae
826 844 911 909 haud
943 847 1007 910 scio
1032 869 1073 910 an
1099 847 1219 910 nemini
1247 848 1308 912 nisi
1332 848 1394 933 ipsi
1418 847 1532 913 Ouidio

334 968 376 1032 sit
405 968 583 1032 tribuenda.
609 939 682 1031 Iure
707 968 792 1031 enim
816 967 982 1032 obseruare
1004 967 1083 1031 mihi
1107 969 1234 1033 uidetur
1260 967 1457 1054 Comparetti
1485 971 1532 1036 l.l.

337 1114 368 1175 p.
395 1091 454 1166 21;
479 1091 540 1167 40,
565 1088 672 1154 Ouidii
695 1089 794 1173 ipsius
819 1092 967 1154 naturam
992 1089 1141 1174 cognosci
1165 1090 1199 1153 in
1221 1113 1357 1174 persona
1368 1089 1534 1176 Sapphus,

337 1213 381 1276 sic
404 1214 442 1274 ut
464 1211 496 1274 in
521 1211 582 1275 hac
605 1211 741 1294 epistula
764 1211 856 1275 nobis
879 1213 1087 1297 proponatur.
1113 1210 1216 1286 Quam
1243 1212 1369 1296 qualem
1390 1213 1451 1276 sibi
1471 1213 1533 1277 fin-

337 1333 418 1396 xerit
440 1330 529 1397 Naso
552 1332 667 1397 docent
687 1331 726 1395 A.
752 1330 792 1396 A.
817 1332 875 1396 ΙΙΙ.
909 1334 994 1398 331:

474 1453 561 1519 Nota
584 1453 627 1518 sit
648 1455 681 1517 et
704 1453 852 1549 Sappho,
880 1491 920 1502 -
946 1455 1023 1539 quid
1046 1454 1131 1519 enim
1151 1454 1300 1520 lasciuius
1323 1454 1403 1519 illa?

338 1577 427 1642 Rem.
455 1577 537 1642 761:
562 1575 614 1640 Me
637 1578 722 1641 certe
744 1573 873 1660 Sappho
897 1576 1058 1640 meliorem
1082 1575 1159 1640 fecit
1177 1577 1307 1641 amicae.

338 1697 433 1762 Trist.
462 1697 504 1762 ΙΙ.
537 1698 619 1763 365:
645 1696 759 1762 Lesbia
782 1698 860 1781 quid
883 1698 990 1762 docuit
1013 1697 1160 1782 Sappho,
1186 1699 1248 1763 nisi
1272 1721 1378 1764 amare
1401 1702 1534 1784 puellas.

383 1819 504 1895 Quibus
529 1842 600 1884 cum
624 1819 768 1884 dersibus
792 1819 910 1903 optime
934 1823 1116 1903 congruunt
1139 1819 1259 1905 Sapph.
1284 1843 1332 1905 ep.
1357 1843 1419 1886 uss.
1447 1823 1533 1888 79-

339 1943 401 2006 84:
437 1941 554 2005 »Molle
578 1963 683 2005 meum
707 1940 894 2024 leuibusque
918 1963 971 2005 cor
994 1944 1043 2004 est
1064 1941 1213 2006 uiolabile
1239 1942 1330 2006 telis’'
1355 1947 1414 2008 cet.
1439 1942 1530 2008 Ean-

338 2066 410 2127 dem
442 2062 526 2127 hanc
549 2062 791 2127 similitudinem
811 2062 1076 2146 deprehendimus
1100 2085 1165 2127 uss.
1179 2064 1221 2127 28
1235 2085 1304 2147 sqq.
1321 2064 1355 2127 in
1369 2065 1535 2148 praedica·
1665 2133 1666 2160 ,

338 2188 427 2251 tione
456 2186 512 2250 illa
544 2187 583 2250 de
613 2207 646 2251 se
677 2185 746 2269 ipsa
769 2184 908 2270 poetriae
932 2185 1015 2248 iusta
1039 2185 1187 2270 superbia
1210 2186 1328 2264 elatae,
1353 2188 1437 2271 apud
1461 2209 1534 2253 eum

338 2331 432 2393 quem
456 2312 562 2385 amat3
585 2311 670 2392 quod
694 2310 891 2392 quantopere
915 2305 1030 2373 Ouidio
1053 2307 1096 2371 sit
1118 2306 1291 2385 familiare,
1315 2308 1350 2371 in
1370 2330 1534 2375 commen-

338 2430 420 2495 tario
444 2430 488 2515 (p.
515 2431 572 2513 48)
596 2430 745 2495 uidimus.

384 2550 530 2635 Denique
561 2573 601 2615 ne
624 2551 685 2616 hoc
708 2551 835 2634 quidem
859 2552 1178 2635 praetermittendum
1203 2554 1251 2616 est
1273 2574 1323 2617 res
1347 2553 1424 2616 satis
1449 2553 1533 2617 mul-

337 2676 387 2738 tas
410 2674 445 2736 in
468 2673 528 2737 hac
552 2673 688 2757 epistula
711 2672 805 2737 nobis
829 2672 912 2736 tradi
932 2694 1013 2756 quae
1037 2672 1163 2737 aliunde
1187 2674 1282 2757 plane
1302 2674 1368 2738 sint
1386 2673 1531 2758 ignotae.
1665 2667 1666 2696 ¹

337 2794 411 2859 Huc
442 2795 582 2880 pertinet
611 2792 721 2858 fabula
748 2795 787 2857 de
822 2791 1026 2858 Deucalionis
1062 2793 1266 2878 Pyrrhaeque
1290 2795 1470 2872 amoribus,
1495 2796 1535 2859 de
1665 2807 1666 2854 Τ

337 2916 453 3001 quibus
482 2919 590 2980 tacent
620 2914 735 2998 reliqui
765 2915 933 2999 scriptores
965 2935 1091 2992 omnes;
1122 2916 1199 2980 item
1224 2917 1309 3000 quod
1334 2917 1380 2980 ait
1402 2915 1533 3001 Sappho

335 3062 368 3103 se
393 3062 447 3103 sex
470 3059 570 3102 annos
594 3041 704 3102 natam
728 3038 829 3122 patris
848 3041 1083 3122 praematuram
1105 3041 1240 3102 mortem
1263 3037 1442 3115 defleuisse;
1455 3039 1533 3103 item

338 3161 400 3225 alia
432 3160 604 3245 quaedam,
636 3181 717 3243 quae
741 3159 946 3223 hauddubie
970 3158 1010 3222 ad
1034 3159 1138 3242 ipsum
1162 3158 1325 3224 Nasonem
1349 3163 1426 3225 sunt
1448 3159 1534 3226 refe-

338 3286 437 3348 renda
466 3275 572 3367 potius
603 3304 699 3366 quam
726 3283 767 3344 ad
789 3281 982 3345 imitatorem
1006 3281 1197 3365 quempiam.
1223 3279 1316 3346 Certe
1340 3280 1474 3346 Ouidius
1497 3282 1534 3346 in

339 3405 455 3471 fabulis
477 3397 617 3488 antiquis
640 3407 708 3468 erat
732 3402 904 3486 plurimum
930 3405 1090 3487 uersatus,
1111 3424 1170 3466 nec
1191 3403 1321 3467 dubium
1340 3405 1446 3487 potest
1466 3425 1533 3469 esse

337 3526 417 3611 quin
441 3525 550 3589 sedulo
574 3525 616 3588 sit
639 3546 713 3609 usus
737 3523 864 3608 scriptis
887 3523 1197 3601 Alexandrinorum,
1218 3545 1297 3608 quos
1319 3523 1444 3589 fabulas
1457 3524 1533 3590 Les·

338 3649 463 3713 biorum
494 3646 662 3731 populares
693 3648 732 3709 de
763 3645 934 3730 Sapphone
965 3645 1013 3730 (in
1045 3645 1159 3729 quibus
1181 3646 1320 3730 primum
1344 3646 1534 3711 coniunctus

338 3769 465 3834 uidetur
497 3790 568 3832 oum
598 3769 655 3833 illa
689 3766 814 3853 Phaon)
850 3767 1014 3851 collegisse
1038 3767 1208 3832 admodum
1233 3747 1441 3852 probabiliter
1464 3771 1532 3832 sta-

337 3894 470 3957 tuerunt
492 3889 689 3974 Comparetti
713 3894 745 3954 et
767 3889 847 3956 Birt.
872 3889 916 3952 Et
937 3890 973 3952 in
997 3889 1058 3954 hoc
1081 3890 1151 3973 ipso
1164 3889 1304 3954 carmine
1315 3893 1443 3974 poetam
1457 3893 1533 3954 anta

338 4015 446 4078 oculos
464 4012 612 4077 habuisse
633 4011 921 4076 Alexandrinorum
942 4031 1055 4094 opera,
1077 4010 1179 4076 multa
1194 4012 1271 4076 sunt
1282 4011 1533 4088 indicia;ueluti

338 4157 384 4200 us.
410 4133 473 4199 162
494 4156 552 4218 sq.,
573 4133 628 4198 ubi
647 4132 746 4198 Naias
763 4131 923 4195 inducitur
935 4132 1033 4196 uerba
1045 4131 1183 4210 faciens,
1196 4136 1283 4218 quod
1294 4155 1425 4218 prorsus
1436 4154 1533 4198 essee

336 4279 422 4322 more
442 4254 733 4320 Alexandrinorum
748 4253 812 4316 iam
825 4274 920 4336 supra
933 4252 1079 4319 diximus.
1093 4252 1181 4328 Quae
1194 4255 1303 4319 omnia
1316 4255 1401 4319 haud
1414 4255 1478 4321 scio
1489 4277 1531 4319 an

334 4379 369 4443 in
391 4379 452 4442 hac
475 4376 612 4463 epistula
634 4374 789 4439 imitatori
811 4374 937 4439 cuidam
961 4373 1095 4438 attribui
1120 4375 1175 4440 uix
1198 4376 1334 4460 possint.

381 4622 563 4706 Postremo,
596 4625 633 4685 ut
663 4618 728 4687 iam
756 4643 793 4686 aa
815 4640 897 4706 quae
920 4622 987 4687 dixi
1012 4618 1046 4688 in
1069 4623 1195 4688 breuem
1222 4628 1427 4709 conspectum
1445 4646 1531 4698 ,con-
