3380 5346
725 393 789 462 129

172 582 375 665 genetiuum,
416 584 558 646 nostram
595 581 694 666 igitur
729 582 769 646 ab
806 581 868 645 alio
904 582 1041 666 quodam
1078 603 1144 646 esse
1180 581 1365 647 confectam.

217 703 327 769 Vnum
350 725 425 768 uero
448 706 548 768 restat
575 702 785 769 Scheidewini
809 705 1055 788 argumentum,
1080 703 1150 787 ipso
1175 703 1279 767 iudice
1304 703 1367 766 iam

171 847 228 909 per
263 847 296 889 se
318 825 394 891 satis
417 825 544 888 firmum
569 827 605 888 ut
629 824 797 908 epistulam
823 824 863 888 ab
888 823 1004 889 Ouidio
1028 824 1272 888 abiudicandam
1301 845 1367 887 esse

172 949 337 1024 ostendat,
362 946 482 1012 scilicet
505 968 572 1011 non
596 967 772 1031 congruere
793 947 877 1010 inter
900 968 967 1010 sese
991 944 1110 1030 Sapph.
1135 967 1185 1029 ep.
1210 967 1257 1012 us.
1284 944 1368 1009 181:
1439 961 1440 968 ’

264 1067 345 1132 Inde
367 1068 483 1152 chelyn
508 1067 653 1146 Phoebo,
680 1068 860 1133 communia
883 1089 1033 1144 munera,
1061 1088 1178 1151 ponam
1195 1103 1246 1114 -—

172 1192 205 1254 et
228 1211 369 1274 eaquae
392 1189 510 1254 dixerit
533 1188 666 1254 Ouidius
691 1189 766 1254 Am.
791 1188 833 1254 Il.
863 1189 913 1254 18.
942 1190 1001 1254 34:

354 1310 418 1376 Det
440 1314 550 1375 uotam
571 1311 701 1376 Phoebo
726 1310 835 1376 Lesbis
860 1315 966 1375 amata
991 1311 1095 1395 lyram
1121 1350 1160 1362 -

218 1431 312 1497 Vnde
335 1431 449 1496 statuit
472 1431 531 1497 Vir
555 1431 637 1497 (ilar.
664 1433 851 1517 scriptorem
875 1432 1023 1517 Sapphus
1046 1432 1199 1517 epistulae
1219 1431 1309 1496 illum
1331 1454 1369 1496 ex

171 1553 344 1620 Amoribus
368 1553 474 1619 locum
498 1576 564 1619 uon
587 1554 782 1620 intellexisse
806 1577 905 1640 eoque
929 1576 1026 1640 praue
1051 1577 1117 1619 esse
1142 1576 1241 1619 usum.
1282 1551 1370 1629 Quae

171 1699 221 1741 res
246 1698 316 1761 curn
340 1676 443 1760 primo
465 1679 595 1761 aspectu
619 1676 839 1742 difficultatem
859 1678 1004 1742 uideatur
1027 1678 1177 1761 praebere
1188 1676 1274 1741 haud
1290 1698 1369 1741 con-

172 1801 394 1878 temnendam,
415 1799 592 1864 accuratius
617 1800 726 1884 paullo
751 1803 798 1863 est
821 1799 1058 1882 pertractanda.

666 2025 859 2032 --—-—---—-

659 2179 802 2248 OAPVT
826 2180 885 2246 Ill.

219 2365 257 2430 In
280 2365 382 2451 elegia
405 2369 445 2431 ad
470 2365 613 2431 Macrum
638 2367 734 2431 missa
760 2404 800 2416 -
826 2365 900 2430 Am.
926 2366 970 2431 II.
987 2367 1027 2433 18
1043 2405 1084 2415 -
1099 2367 1209 2432 scribit
1227 2365 1369 2452 Ouidius,

174 2487 249 2550 dum
273 2486 380 2552 Macer
403 2488 499 2573 epicis
523 2488 702 2572 pangendis
726 2488 921 2553 carminibus
944 2489 999 2552 det
1022 2510 1170 2574 operam,
1195 2512 1227 2554 re
1252 2489 1372 2554 leuiora

174 2612 311 2672 tractare
336 2612 543 2694 argumenta,
570 2615 602 2674 et
625 2633 644 2674 a
664 2609 759 2674 nimis
772 2610 856 2675 elata
869 2613 902 2674 et
913 2612 1034 2694 grande
1048 2611 1178 2675 sonanti
1190 2611 1372 2695 tragoediae

176 2728 270 2794 Musa
303 2752 335 2795 se
366 2731 430 2796 iam
460 2732 653 2796 conuertisse
677 2731 925 2797 adscribendas
949 2733 1091 2797 Amandi
1115 2731 1212 2797 Artes
1236 2738 1269 2798 et
1292 2732 1371 2818 Epi·

176 2852 293 2916 stolas:

268 2971 358 3049 Quod
381 2975 473 3053 licet,
497 2981 553 3040 aut
576 2979 659 3041 artes
682 2977 784 3041 teneri
807 2977 994 3061 profitemur
1019 2975 1148 3041 Amoris
1158 3023 1282 3055 ......

312 3095 353 3160 Ei
376 3097 473 3176 mihi,
497 3099 675 3183 praeceptis
698 3119 814 3183 urgeor
837 3099 904 3181 ipse
928 3099 1024 3163 meis!
1039 3146 1140 3166 .....

269 3216 339 3282 Aut
360 3222 446 3303 quod
469 3220 643 3304 Penelopes
666 3220 772 3284 uerbis
795 3220 948 3284 reddatur
974 3219 1076 3293 Ulixi,

318 3340 492 3407 Scribimus
515 3346 548 3407 et
570 3343 733 3419 lacrimas,
758 3341 868 3426 Phylli
892 3341 1021 3420 relicta,
1046 3346 1135 3407 tuas:

271 3460 362 3538 Quod
386 3463 475 3528 Paris
499 3469 531 3529 et
551 3463 715 3530 Macareus
740 3467 772 3528 et
795 3465 880 3548 quod
906 3463 987 3528 male
1011 3467 1122 3548 gratus
1147 3463 1219 3528 Iaso

314 3585 548 3672 Hippolytique
571 3609 686 3671 parens
710 3585 972 3671 Hippolytusque
995 3585 1127 3670 legant,

268 3706 422 3793 Quodque
445 3711 559 3773 tenens
579 3709 724 3773 strictum
750 3708 834 3772 Dido
858 3706 1047 3772 miserabilis
1066 3729 1174 3772 ensem

313 3829 425 3908 Dicat,
451 3832 484 3894 et
506 3830 637 3895 Aeoliae
663 3829 773 3894 Lesbis
801 3832 904 3894 amica
927 3829 1026 3914 lyrae.

222 3950 272 4015 Ita
301 3951 452 4016 indicatis
483 3950 658 4015 Heroidum
688 3951 849 4035 epistulis,
882 3973 962 4035 quas
991 3950 1059 4034 ipse
1087 3950 1265 4035 scripserit,
1291 3950 1371 4017 Oui·

164 4061 247 4138 ¹dius
277 4073 342 4136 iam
373 4075 539 4137 enumerat
568 4073 721 4156 epistulas
746 4095 826 4157 quas
850 4072 1065 4156 responsorias
1090 4073 1130 4136 ad
1154 4073 1298 4157 singulas
1323 4095 1375 4136 re·

175 4194 336 4280 scripserit
360 4195 499 4280 aequalis
523 4198 557 4260 et
579 4195 697 4259 amicus
724 4195 764 4261 A.
791 4194 932 4259 Sabinus
947 4191 995 4281 ¹):

214 4374 241 4438 1)
259 4375 295 4422 Ol.
323 4375 351 4422 dc
376 4389 403 4422 eo
429 4389 457 4422 ex
482 4373 555 4422 Pout.
578 4371 622 4420 [v.
641 4371 681 4420 lo.
700 4370 732 4419 13
749 4386 799 4434 sqq.
819 4370 839 4418 1.
858 4371 884 4418 C.
904 4369 978 4428 lehn,
997 4370 1026 4418 de
1044 4369 1126 4422 Ouidii
1144 4371 1169 4417 at
1186 4369 1214 4418 A.
1233 4366 1313 4418 Sabini
1333 4367 1383 4433 api-

177 4455 248 4505 stulis
273 4459 316 4504 cat.
342 4457 376 4504 Dc
396 4455 473 4504 tribus
490 4452 599 4519 epistulis
615 4451 657 4501 sub
680 4452 746 4501 illius
764 4452 860 4502 nomine
877 4451 961 4500 Ouidii
980 4451 1088 4516 epistulis
1112 4449 1382 4500 adiectisuidc0.1ah·

179 4538 247 4588 uinru
271 4537 297 4588 in
323 4537 436 4588 Zeitschr.
459 4539 510 4602 fiir
535 4533 574 4585 die
591 4534 802 4585 Alterthumswira
828 4534 902 4586 1837.
920 4533 959 4583 n0.
977 4532 1015 4586 71.
1036 4551 1058 4599 p.
1078 4534 1134 4582 631.
1154 4533 1180 4582 C.
1199 4533 1225 4581 h.
1244 4532 1382 4582 Glacserum

179 4619 206 4669 in
225 4621 291 4670 Mus.
309 4620 385 4670 Rhen.
405 4621 438 4670 N.
456 4622 479 4670 S.
498 4619 519 4668 Ι.
538 4635 561 4684 p.
580 4617 722 4670 rer-442.

1266 4716 1280 4763 9
