3380 5346
727 401 790 467 133

161 581 325 665 proposito
357 602 424 645 non
457 583 623 667 congruit:
655 587 741 648 caret
773 584 857 648 enim
887 584 943 649 illa
966 586 999 649 ui
1023 590 1055 651 et
1078 585 1263 652 efficacitate
1287 589 1354 652 tra·

161 703 250 789 gica,
274 726 355 788 quae
378 704 414 768 in
437 705 508 789 ipsa
532 705 687 790 epistulae
708 706 816 772 indole
839 707 944 791 posita
966 710 1015 772 est
1029 710 1063 795 ¹).

207 824 325 900 Quodsi
359 826 460 910 igitur
494 826 624 892 mininie
658 832 706 892 est
741 829 954 898 dubitandum
986 830 1065 913 quin
1097 832 1129 894 et
1160 828 1292 894 Ouidius
1323 834 1356 895 et

161 947 298 1014 Sabinus
337 949 522 1033 opinionem
561 950 738 1034 antiquitus
771 955 934 1036 acceptam
965 952 1078 1030 secuti,
1111 952 1172 1016 sibi
1203 951 1357 1016 finxerint

162 1069 366 1155 Sapphonem
391 1092 502 1135 reuera
526 1072 563 1135 de
589 1071 724 1137 Leucate
750 1072 930 1151 desiluisse,
948 1073 1013 1137 iam
1032 1073 1122 1138 nullo
1143 1074 1237 1138 modo
1250 1077 1357 1158 potest

162 1192 313 1278 explicari
346 1215 410 1278 qua
441 1194 566 1258 ratione
588 1195 702 1259 ductus
726 1194 892 1280 Sapphoni
915 1196 1076 1281 scripserit
1099 1196 1211 1261 Phaon
1234 1195 1355 1280 epistu-

162 1315 242 1391 lam,
288 1337 350 1400 qua
393 1336 534 1380 amorem
577 1339 670 1380 suum
705 1316 735 1380 ei
768 1317 994 1395 declarauerit,
1033 1317 1095 1381 nisi
1130 1319 1251 1382 statuas
1283 1339 1356 1381 cum

164 1436 302 1502 Maehlio
321 1437 347 1524 ²)
372 1443 403 1503 et
428 1437 646 1523 Comparettio
669 1442 748 1502 tuno
772 1438 898 1502 demum
923 1460 1108 1523 responsum
1131 1438 1213 1502 illud
1236 1437 1357 1503 misisse

164 1557 345 1636 Phaonem,
380 1582 451 1624 oum
486 1558 615 1644 Sappho
647 1561 711 1623 iam
743 1563 784 1624 ad
813 1560 987 1624 remedium
1010 1560 1202 1624 discriminis
1225 1558 1356 1644 plenum

163 1681 341 1766 refugisset.
378 1680 490 1767 Neque
521 1682 607 1746 aliud
638 1682 808 1766 quicquam
841 1704 879 1746 ex
910 1681 1009 1766 ipsius
1033 1679 1187 1765 epistulae
1210 1679 1357 1766 Sapphus

164 1825 211 1868 us.
239 1804 301 1870 167
327 1825 395 1888 sqq.
421 1807 569 1888 apparet:

330 1907 414 1992 'Neo
438 1947 543 2010 mora,
570 1947 679 1990 uersus
703 1947 793 1990 amor
815 1926 888 2011 figit
911 1925 1087 1990 lentissima
1110 1924 1252 2010 Pyrrhae

392 2047 548 2126 Pectora,
572 2046 748 2112 Deucalion
770 2049 847 2132 igne
870 2048 995 2112 leuatus
1018 2048 1095 2113 abit.

346 2170 441 2236 Hane
465 2170 567 2256 legem
589 2169 677 2235 locus
699 2171 754 2235 ille
776 2174 867 2235 tenet
869 2218 990 2235 ......

209 2293 385 2358 Deucalion
415 2294 514 2378 igitur
545 2315 617 2358 cum
640 2293 795 2378 Pyrrham
818 2293 941 2377 perdite
965 2295 1102 2370 amaret,
1127 2292 1240 2356 deiecit
1263 2314 1296 2357 re
1320 2292 1358 2356 de

165 2415 302 2480 Leucate
333 2415 575 2500 promunturi0,
600 2437 660 2479 neo
683 2418 811 2479 tantum
835 2415 963 2480 illaesus
986 2437 1026 2478 ex
1050 2414 1134 2479 saltu
1158 2415 1277 2494 euasit,
1302 2418 1358 2479 sed

166 2535 262 2599 etiam
291 2537 326 2599 in
357 2537 427 2620 ipso
458 2535 543 2600 saltu
574 2536 719 2601 faciendo
750 2538 866 2601 amoris
891 2541 979 2602 aestu
1003 2541 1051 2602 est
1073 2538 1244 2624 liberatus3
1269 2561 1359 2604 amor

166 2660 273 2721 autem
296 2659 422 2722 transiit
444 2659 480 2722 in
504 2663 614 2743 pectus
638 2657 795 2744 Pyrrhae,
822 2662 917 2723 antea
941 2661 1161 2739 lentissimum,
1185 2682 1279 2728 nam:

439 2779 533 2845 Hanc
558 2756 661 2866 legem
684 2781 773 2846 locus
794 2781 850 2846 ille
873 2785 962 2846 tenet
975 2830 1074 2849 .....

215 2901 367 2967 Similiter
391 2903 488 2967 etiam
511 2901 640 2988 Sappho
664 2908 833 2988 postquam
846 2904 974 2968 desiluit
986 2904 1141 2968 liberatur
1152 2906 1222 2990 ipsa
1234 2927 1359 2985 amore,

167 3025 223 3108 qui
246 3025 459 3090 lentissimum
484 3024 578 3090 simul
601 3026 710 3109 tangit
733 3024 873 3090 Phaonis
892 3029 1017 3110 pectus;
1039 3030 1112 3110 post
1131 3026 1248 3091 saltum
1260 3027 1361 3111 igitur

167 3149 276 3210 uotam
300 3145 428 3210 Phoebo
453 3146 556 3230 lyram
576 3149 689 3211 datura
709 3149 758 3211 est
776 3147 840 3211 iam
860 3167 927 3210 non
947 3170 1075 3225 amano,
1096 3151 1129 3212 at
1148 3170 1222 3213 uero
1234 3163 1358 3225 amato,

167 3269 200 3333 id
233 3269 318 3352 quod
349 3270 486 3332 testatur
510 3268 684 3334 Sabiniana
708 3268 764 3332 illa
787 3268 927 3334 Phaonis
951 3270 1088 3353 epistula
1101 3270 1143 3356 ³),
1170 3268 1263 3334 Ouid.
1286 3270 1359 3335 Am.

168 3390 208 3455 ΙΙ.
236 3391 287 3458 18.
314 3391 366 3456 34.

215 3637 323 3702 Lectio
347 3660 423 3702 uero
447 3660 596 3702 uersuum
624 3641 687 3704 169
712 3661 770 3724 sq,
795 3662 891 3724 quam
914 3662 1010 3724 supra
1034 3640 1179 3705 dedimus
1203 3660 1363 3724 quamque

169 3758 373 3846 H(arleiano)
405 3763 438 3824 et
467 3761 647 3846 F(uldensi)
678 3761 768 3826 libris
800 3762 963 3839 debemus,
997 3761 1048 3826 uel
1079 3761 1188 3826 eadem
1212 3761 1278 3826 fere
1299 3761 1363 3826 iam

171 3879 246 3942 olim
278 3880 319 3944 ab
346 3881 478 3948 Heinsio
502 3885 725 3949 commendata
751 3923 790 3932 —-
815 3885 872 3968 qui
894 3905 952 3968 pro
970 3887 1047 3972 fiyit
1060 3933 1068 3949 .
1083 3935 1090 3950 .
1106 3933 1113 3947 .
1130 3885 1215 3950 atu
1238 3883 1364 3968 scripsit
1428 3949 1430 3954 ,

170 4023 208 4064 ex
241 4001 332 4065 codd.
366 4004 429 4068 suis
461 4009 746 4092 recipit....erat,
773 4044 813 4056 -
839 4006 1029 4090 impugnata
1059 4009 1109 4070 est
1136 4028 1155 4069 a
1179 4005 1362 4082 nonnullis,

171 4121 272 4187 ueluti
293 4144 312 4186 a
334 4123 361 4189 I.
385 4122 421 4189 O.
447 4125 562 4193 Iahnio
588 4128 635 4214 (in
659 4150 773 4193 comm.
798 4129 838 4192 ad
861 4126 893 4191 h.
919 4129 999 4214 us),
1024 4128 1080 4211 qui
1104 4127 1203 4192 obicit
1223 4125 1364 4191 fabulam

170 4266 251 4329 quae
282 4245 339 4308 illa
371 4245 507 4312 lectione
537 4250 739 4315 contineatur
770 4271 789 4313 a
819 4253 890 4315 tota
918 4249 1109 4333 antiquitate
1132 4248 1284 4332 ignorari.
1321 4250 1365 4312 At

205 4451 234 4518 1)
252 4451 289 4503 cl.
309 4451 469 4517 comparent,
487 4451 522 4500 l.l.
540 4467 562 4516 p.
582 4451 621 4502 17.

205 4536 233 4600 2)
252 4538 282 4584 In
300 4537 364 4586 Mus.
383 4535 460 4585 Rhea.
481 4536 524 4584 IX.
543 4551 566 4600 p.
585 4535 642 4583 624.
718 4587 719 4592 ,

207 4619 231 4678 3)
249 4619 285 4668 Cf.
303 4619 373 4679 Birt,
394 4619 459 4667 Mus.
478 4617 555 4666 Rhea.
576 4617 694 4666 XXXll.
711 4635 733 4684 p.
751 4621 808 4668 400.
826 4635 849 4668 n.
