3386 5346
312 548 377 612 lam
400 546 588 631 epistulam,
620 548 679 611 cet.
703 545 793 609 Inter
815 543 913 610 Leon.
938 543 1065 609 Aretini
1088 564 1169 629 opus
1193 548 1226 608 et
1250 542 1343 608 Ouid.
1369 542 1505 610 Amores

311 671 430 736 inserta
452 672 501 734 est
524 667 643 754 Sapph.
668 689 734 752 ep.,
759 667 804 732 sic
826 666 997 752 iuscripta:
1022 667 1191 755 »Epdtclo
1213 667 1326 754 captos
1344 669 1388 731 cd
1401 667 1505 755 ptan-

310 815 379 863 ncm
402 791 531 858 ebalum
554 803 695 855 amotam
719 813 809 853 suam
833 788 974 876 incapit.'’
1000 787 1148 854 Contulit
1170 786 1257 852 huno
1280 788 1417 872 librum,
1439 810 1505 852 una

311 935 384 979 cum
404 937 439 998 p,
463 916 496 978 et
516 936 571 997 p„
603 909 801 994 Heusinger,
825 907 1001 974 Heroidum
1025 909 1118 976 Ouid.
1143 911 1379 975 emendationes
1404 908 1504 977 Guel-

310 1033 458 1121 pherbyt.
483 1034 523 1098 ad
547 1032 728 1097 Harlesium
744 1030 781 1116 1),
805 1055 837 1116 p.
862 1033 882 1096 9
903 1053 971 1116 sqq.
992 1030 1033 1097 cf.
1054 1030 1255 1118 Sedlmayer,
1275 1033 1374 1098 Proll.
1395 1056 1426 1117 p.
1452 1035 1502 1098 16.

354 1157 403 1242 95)
427 1155 496 1220 cod.
528 1153 800 1238 Guelferbytanus
823 1183 863 1208 =
886 1152 968 1218 Gud.
1002 1154 1085 1232 318,
1115 1155 1394 1232 membranaceus,
1425 1154 1503 1219 scri-

173 1361 175 1366 ,
309 1281 385 1363 ptus
416 1277 520 1341 iudice
550 1275 750 1360 Heusingero
783 1274 817 1360 (l.
835 1276 856 1339 l.
882 1297 913 1357 p.
941 1276 974 1361 7)
1005 1251 1085 1339 saec.
1116 1274 1219 1359 XIII,
1250 1297 1270 1339 a
1300 1275 1503 1360 Sedlmayero
1535 1308 1538 1313 ·

311 1397 422 1484 (Proll.
447 1421 478 1482 p.
507 1398 562 1483 17)
585 1400 618 1462 et
638 1395 831 1461 Baehreusio
845 1398 871 1482 2)
891 1417 970 1460 saec.
992 1395 1055 1460 XV
1074 1399 1158 1461 recte
1177 1396 1339 1475 addictus,
1359 1397 1506 1463 continet

312 1518 420 1584 Ouidii
441 1518 554 1602 Festos
578 1521 610 1583 et
634 1517 787 1601 Amorea,
811 1517 926 1602 quibus
948 1519 1073 1583 adnexa
1096 1521 1145 1584 est
1168 1541 1216 1604 ep.
1242 1518 1362 1604 Sapph.
1387 1520 1433 1585 sic
1451 1519 1504 1584 in·

310 1640 443 1724 scripta:
469 1639 574 1727 Sopho
604 1638 695 1705 Vates
720 1637 902 1703 Clarissimo
921 1637 977 1704 Ad
996 1638 1093 1705 Suum
1114 1641 1285 1706 Phaonem.
1306 1641 1505 1707 Praecedunt

312 1761 448 1829 disticha
469 1761 564 1828 haec:

402 1885 543 1949 Tantum
566 1905 676 1948 omnes
700 1882 794 1948 nobie
816 1883 929 1948 doctae
953 1882 1092 1948 tribuere
1114 1883 1240 1968 puellae
1255 1885 1281 1971 8)

448 2005 609 2082 Quantum
631 2005 718 2069 inter
742 2007 832 2069 uates
854 2004 955 2071 laudis
964 2006 991 2091 ⁴)
1016 2004 1176 2071 Homerus
1198 2005 1306 2071 habet.

408 2126 554 2191 Blandus
577 2146 667 2190 amor
690 2124 800 2190 docuit
822 2145 1033 2210 numerosque
1056 2126 1207 2210 probauit
1231 2127 1371 2212 Apoll03

448 2247 575 2313 Nomen
598 2250 667 2312 erat
690 2244 837 2331 Sappho,
862 2246 968 2329 patria
991 2244 1110 2312 Lesbos
1133 2251 1210 2312 erat.

358 2374 408 2459 96)
432 2374 502 2436 cod.
534 2368 805 2454 Guelferbytanus
836 2392 877 2418 =
904 2367 986 2434 Gud.
1013 2369 1093 2447 342,
1117 2370 1296 2434 membran.
1320 2392 1401 2436 saec.
1426 2369 1508 2448 XV,

315 2493 484 2560 continens
506 2513 634 2558 carmen
658 2491 697 2556 de
718 2491 841 2576 pulice,
862 2489 1002 2575 Copam,
1022 2491 1199 2569 Moratum,
1221 2490 1350 2557 Camilli
1370 2491 1510 2557 Romani

315 2636 443 2681 carmen
465 2615 500 2678 in
524 2610 742 2682 obitumCar.
771 2612 1022 2697 Parthenopaei,
1046 2611 1278 2698 epigrammata
1299 2612 1458 2677 nonnulla
1477 2615 1510 2677 et

314 2736 434 2822 Sapph.
466 2757 515 2820 ep.
547 2734 752 2819 inscriptam:
785 2733 906 2821 Sophos
932 2736 1083 2822 poetieeae
1115 2737 1159 2799 ad
1188 2736 1343 2801 Phaonem
1371 2735 1509 2802 Siculum

314 2859 432 2924 libellus
448 2858 585 2945 feliciter
606 2857 725 2943 incipit.
750 2853 944 2939 (Heusinger
970 2877 1001 2940 p.
1030 2855 1076 2940 7.)

359 2980 408 3065 9,)
429 2979 499 3045 cod.
520 2976 789 3061 Guelferbytanus
809 2975 861 3042 82.
885 2977 916 3041 6.
938 2999 996 3044 ms.
1016 2977 1102 3063 Aug.
1123 2979 1319 3058 membran,
1340 2979 1510 3044 continens

315 3099 436 3166 Tibulli
466 3099 608 3165 carmina
639 3102 672 3163 et
694 3097 764 3183 (fol.
791 3096 953 3185 aab-42)
977 3098 1096 3184 Sapph.
1122 3121 1190 3184 ep.,
1215 3100 1283 3165 sine
1308 3099 1374 3166 ulla
1397 3100 1511 3166 inecri·

314 3221 424 3306 ptione
456 3220 508 3285 uel
530 3219 780 3304 subscriptione,
805 3221 962 3306 scriptus,
986 3220 1090 3286 iudice
1114 3219 1307 3286 Baehrensio
1331 3222 1450 3307 (Praef.
1475 3222 1511 3286 in

315 3342 431 3408 Tibull.
463 3366 495 3429 p.
528 3342 583 3429 X),
615 3364 696 3406 saec.
729 3341 809 3426 XV3
842 3345 879 3406 ut
910 3341 981 3407 aliie
1004 3342 1108 3407 uisum
1132 3345 1199 3420 est,
1222 3343 1287 3406 iam
1311 3344 1413 3408 multo
1437 3346 1513 3408 ante

320 3465 341 3528 d
377 3468 514 3550 tempus.
551 3463 649 3529 Recte
683 3484 759 3528 uero
792 3463 871 3548 quin
904 3464 1052 3529 iudicarit
1082 3464 1245 3530 Baehrens
1277 3504 1320 3515 -—
1353 3467 1512 3550 quantum

315 3587 429 3651 saltem
457 3585 575 3650 attinet
597 3588 638 3649 ad
661 3584 781 3670 Sapph.
806 3606 855 3670 ep.
880 3623 921 3633 -
947 3585 1026 3650 mihi
1049 3585 1154 3651 uarias
1176 3585 1244 3651 eius
1266 3585 1341 3650 libri
1360 3586 1514 3652 lectiones

314 3708 519 3792 percensenti
543 3707 676 3773 dubium
699 3729 766 3773 esse
789 3708 911 3792 nequit.

365 3828 506 3895 Comiter
542 3830 680 3895 excussit
715 3829 802 3896 hunc
836 3830 954 3895 librum
990 3853 1096 3896 meum
1129 3832 1164 3896 in
1200 3854 1293 3896 usum
1328 3830 1514 3898 Franciscus

321 3951 450 4018 Winter
474 3973 573 4018 meus.

359 4074 392 4160 t)
418 4075 488 4138 cod.
520 4071 775 4158 Hamburgensis
807 4094 838 4142 e.
856 4072 1051 4139 bibliotheca
1082 4073 1263 4151 Wolfiana,
1288 4074 1323 4139 in
1347 4073 1511 4138 Hambur-

347 4265 422 4331 1)1n
445 4264 562 4328 Lassiugii
589 4279 646 4315 »aar
671 4262 811 4312 Geschichtc
836 4263 885 4312 und
910 4262 1052 4313 Litteratur.
1078 4266 1130 4312 Aue
1146 4265 1192 4312 deu
1212 4263 1329 4313 Schdtren
1347 4265 1389 4313 der
1408 4261 1514 4328 herzogl.

314 4346 452 4397 Bibliothak
468 4362 497 4394 zu
514 4344 696 4395 Wolfeubdttel.
715 4345 810 4394 Dritter
829 4343 955 4409 Beitrag.”
976 4344 1120 4411 (Bruusuig.
1142 4344 1227 4411 1774).

347 4430 375 4495 2)
393 4428 487 4478 Rivista
502 4428 527 4477 di
543 4427 668 4492 Ililologia.
687 4426 765 4478 XIII.
785 4427 856 4478 1-2.
876 4428 948 4476 1884.
971 4444 995 4493 p.
1015 4427 1055 4476 54.

348 4511 377 4580 3)
394 4513 491 4562 metae.
504 4513 625 4575 ..puellm
641 4509 777 4575 Sedlmayer
794 4509 867 4569 citat',
885 4509 961 4559 Proll.
979 4526 1002 4575 p.
1025 4508 1064 4564 17.

349 4603 378 4663 4)
395 4597 477 4646 laudes
494 4594 642 4659 Sedlmayer.
