<?xml version="1.0" encoding="UTF-8"?>
<!DOCTYPE html PUBLIC "-//W3C//DTD XHTML 1.0 Transitional//EN"
    "http://www.w3.org/TR/xhtml1/DTD/xhtml1-transitional.dtd">
<html xmlns="http://www.w3.org/1999/xhtml" xml:lang="en" lang="en">
 <head>
  <title>
</title>
<meta http-equiv="Content-Type" content="text/html;charset=utf-8" />
  <meta name='ocr-system' content='tesseract 3.04.00' />
  <meta name='ocr-capabilities' content='ocr_page ocr_carea ocr_par ocr_line ocrx_word'/>
</head>
<body>
  <div class='ocr_page' id='page_1' title='image "./epistvlasapphvs00vriegoog_0092.png"; bbox 0 0 3380 5346; ppageno 0'>
   <div class='ocr_carea' id='block_1_1' title="bbox 775 405 817 472">
    <p class='ocr_par' dir='ltr' id='par_1_1' title="bbox 775 405 817 472">
     <span class='ocr_line' id='line_1_1' title="bbox 775 405 817 472; baseline 0.024 -1"><span class='ocrx_word' id='word_1_1' title='bbox 775 405 817 472; x_wconf 78' lang='lat'><strong>77</strong></span> 
     </span>
    </p>
   </div>
   <div class='ocr_carea' id='block_1_2' title="bbox 198 587 1393 676">
    <p class='ocr_par' dir='ltr' id='par_1_2' title="bbox 198 587 1393 676">
     <span class='ocr_line' id='line_1_2' title="bbox 198 587 1393 676; baseline 0.008 -27"><span class='ocrx_word' id='word_1_2' title='bbox 198 587 325 651; x_wconf 75' lang='lat' dir='ltr'><strong>uidetur</strong></span> <span class='ocrx_word' id='word_1_3' title='bbox 356 589 522 668; x_wconf 84' lang='lat' dir='ltr'><strong>excidisse,</strong></span> <span class='ocrx_word' id='word_1_4' title='bbox 554 590 643 655; x_wconf 88' lang='lat' dir='ltr'><strong>cuius</strong></span> <span class='ocrx_word' id='word_1_5' title='bbox 674 591 811 676; x_wconf 79' lang='lat' dir='ltr'><strong>uestigia</strong></span> <span class='ocrx_word' id='word_1_6' title='bbox 840 591 1041 676; x_wconf 76' lang='lat' dir='ltr'><strong>reperiuntur·</strong></span> <span class='ocrx_word' id='word_1_7' title='bbox 1064 592 1099 655; x_wconf 88' lang='lat' dir='ltr'><strong>in</strong></span> <span class='ocrx_word' id='word_1_8' title='bbox 1122 614 1231 656; x_wconf 80' lang='lat' dir='ltr'><strong>uerum</strong></span> <span class='ocrx_word' id='word_1_9' title='bbox 1254 605 1298 658; x_wconf 79' lang='lat' dir='ltr'><strong>ct.</strong></span> <span class='ocrx_word' id='word_1_10' title='bbox 1324 591 1393 668; x_wconf 83' lang='lat' dir='ltr'><strong>Quo</strong></span> 
     </span>
    </p>
   </div>
   <div class='ocr_carea' id='block_1_3' title="bbox 196 707 1392 1144">
    <p class='ocr_par' dir='ltr' id='par_1_3' title="bbox 196 707 1392 1144">
     <span class='ocr_line' id='line_1_3' title="bbox 199 707 873 798; baseline 0.01 -28"><span class='ocrx_word' id='word_1_11' title='bbox 199 707 316 772; x_wconf 84' lang='lat' dir='ltr'><strong>indicio</strong></span> <span class='ocrx_word' id='word_1_12' title='bbox 340 710 454 776; x_wconf 72' lang='lat' dir='ltr'><strong>ductus</strong></span> <span class='ocrx_word' id='word_1_13' title='bbox 475 709 646 796; x_wconf 83' lang='lat' dir='ltr'><strong>legendum</strong></span> <span class='ocrx_word' id='word_1_14' title='bbox 669 733 830 798; x_wconf 84' lang='lat' dir='ltr'><strong>propono:</strong></span> <span class='ocrx_word' id='word_1_15' title='bbox 872 711 873 715; x_wconf 64' lang='grc'>’</span> 
     </span>
     <span class='ocr_line' id='line_1_4' title="bbox 354 832 1144 899; baseline 0 -1"><span class='ocrx_word' id='word_1_16' title='bbox 354 849 358 856; x_wconf 87' lang='grc'><strong>’</strong></span> <span class='ocrx_word' id='word_1_17' title='bbox 444 832 520 898; x_wconf 86' lang='lat' dir='ltr'><strong>Non</strong></span> <span class='ocrx_word' id='word_1_18' title='bbox 543 836 580 897; x_wconf 80' lang='lat' dir='ltr'><strong>ub</strong></span> <span class='ocrx_word' id='word_1_19' title='bbox 603 856 687 898; x_wconf 86' lang='lat' dir='ltr'><strong>ames</strong></span> <span class='ocrx_word' id='word_1_20' title='bbox 711 856 767 899; x_wconf 92' lang='lat' dir='ltr'><strong>oro</strong></span> <span class='ocrx_word' id='word_1_21' title='bbox 790 852 894 899; x_wconf 87' lang='lat' dir='ltr'><strong>serus:</strong></span> <span class='ocrx_word' id='word_1_22' title='bbox 920 855 1026 898; x_wconf 87' lang='lat' dir='ltr'><strong>amere</strong></span> <span class='ocrx_word' id='word_1_23' title='bbox 1048 834 1144 898; x_wconf 84' lang='lat' dir='ltr'><strong>sinas.</strong></span> 
     </span>
     <span class='ocr_line' id='line_1_5' title="bbox 242 953 1392 1042; baseline 0.002 -24"><span class='ocrx_word' id='word_1_24' title='bbox 242 953 336 1018; x_wconf 78' lang='lat' dir='ltr'><strong>Serae</strong></span> <span class='ocrx_word' id='word_1_25' title='bbox 366 955 452 1020; x_wconf 89' lang='lat' dir='ltr'><strong>enim</strong></span> <span class='ocrx_word' id='word_1_26' title='bbox 484 960 531 1021; x_wconf 74' lang='lat' dir='ltr'><strong>esi</strong></span> <span class='ocrx_word' id='word_1_27' title='bbox 560 956 725 1042; x_wconf 87' lang='lat' dir='ltr'><strong>proprium</strong></span> <span class='ocrx_word' id='word_1_28' title='bbox 756 960 842 1042; x_wconf 87' lang='lat' dir='ltr'><strong>quod</strong></span> <span class='ocrx_word' id='word_1_29' title='bbox 873 957 926 1022; x_wconf 93' lang='lat' dir='ltr'><strong>hic</strong></span> <span class='ocrx_word' id='word_1_30' title='bbox 949 957 1100 1021; x_wconf 81' lang='lat' dir='ltr'><strong>conuenib</strong></span> <span class='ocrx_word' id='word_1_31' title='bbox 1119 955 1329 1034; x_wconf 88' lang='lat' dir='ltr'><strong>uocabulum,</strong></span> <span class='ocrx_word' id='word_1_32' title='bbox 1355 960 1392 1020; x_wconf 78' lang='lat' dir='ltr'><strong>ub</strong></span> 
     </span>
     <span class='ocr_line' id='line_1_6' title="bbox 196 1073 670 1144; baseline 0.013 -7"><span class='ocrx_word' id='word_1_33' title='bbox 196 1073 343 1140; x_wconf 69' lang='lat' dir='ltr'><strong>similiter</strong></span> <span class='ocrx_word' id='word_1_34' title='bbox 364 1075 442 1141; x_wconf 88' lang='lat' dir='ltr'><strong>Her.</strong></span> <span class='ocrx_word' id='word_1_35' title='bbox 467 1077 560 1144; x_wconf 90' lang='lat' dir='ltr'>XVI.</span> <span class='ocrx_word' id='word_1_36' title='bbox 589 1077 670 1143; x_wconf 83' lang='lat'>107:</span> 
     </span>
    </p>
   </div>
   <div class='ocr_carea' id='block_1_4' title="bbox 90 1196 1451 2744">
    <p class='ocr_par' dir='ltr' id='par_1_4' title="bbox 90 1196 1225 1770">
     <span class='ocr_line' id='line_1_7' title="bbox 292 1196 1225 1285; baseline 0.001 -23"><span class='ocrx_word' id='word_1_37' title='bbox 292 1214 294 1218; x_wconf 81' lang='grc'>’</span> <span class='ocrx_word' id='word_1_38' title='bbox 376 1196 428 1262; x_wconf 78' lang='lat' dir='ltr'><strong>Ad</strong></span> <span class='ocrx_word' id='word_1_39' title='bbox 452 1221 595 1284; x_wconf 83' lang='lat' dir='ltr'><strong>possessa</strong></span> <span class='ocrx_word' id='word_1_40' title='bbox 617 1200 707 1265; x_wconf 87' lang='lat' dir='ltr'><strong>uenis</strong></span> <span class='ocrx_word' id='word_1_41' title='bbox 729 1206 962 1285; x_wconf 82' lang='lat' dir='ltr'><strong>praeceptaque</strong></span> <span class='ocrx_word' id='word_1_42' title='bbox 985 1200 1103 1285; x_wconf 84' lang='lat' dir='ltr'><strong>gaudia</strong></span> <span class='ocrx_word' id='word_1_43' title='bbox 1128 1221 1225 1264; x_wconf 71' lang='lat' dir='ltr'><strong>serus.</strong></span> 
     </span>
     <span class='ocr_line' id='line_1_8' title="bbox 195 1316 528 1406; baseline 0.015 -25"><span class='ocrx_word' id='word_1_44' title='bbox 195 1316 273 1384; x_wconf 87' lang='lat' dir='ltr'><strong>Her.</strong></span> <span class='ocrx_word' id='word_1_45' title='bbox 298 1319 343 1384; x_wconf 89' lang='lat' dir='ltr'><strong>II.</strong></span> <span class='ocrx_word' id='word_1_46' title='bbox 371 1320 432 1384; x_wconf 89' lang='lat'><strong>101</strong></span> <span class='ocrx_word' id='word_1_47' title='bbox 459 1342 528 1406; x_wconf 91' lang='lat' dir='ltr'><strong>sq.:</strong></span> 
     </span>
     <span class='ocr_line' id='line_1_9' title="bbox 333 1441 1204 1529; baseline 0.002 -23"><span class='ocrx_word' id='word_1_48' title='bbox 333 1441 377 1506; x_wconf 74' lang='lat' dir='ltr'><strong>Ec</strong></span> <span class='ocrx_word' id='word_1_49' title='bbox 400 1445 509 1508; x_wconf 77' lang='lat' dir='ltr'><strong>tamen</strong></span> <span class='ocrx_word' id='word_1_50' title='bbox 532 1449 673 1529; x_wconf 77' lang='lat' dir='ltr'><strong>expecto.</strong></span> <span class='ocrx_word' id='word_1_51' title='bbox 699 1445 808 1510; x_wconf 84' lang='lat' dir='ltr'><strong>redeas</strong></span> <span class='ocrx_word' id='word_1_52' title='bbox 832 1446 926 1510; x_wconf 91' lang='lat' dir='ltr'><strong>modo</strong></span> <span class='ocrx_word' id='word_1_53' title='bbox 951 1467 1039 1510; x_wconf 87' lang='lat' dir='ltr'><strong>serus</strong></span> <span class='ocrx_word' id='word_1_54' title='bbox 1064 1444 1204 1523; x_wconf 78' lang='lat' dir='ltr'><strong>emonii,</strong></span> 
     </span>
     <span class='ocr_line' id='line_1_10' title="bbox 90 1563 1053 1660; baseline 0.006 -34"><span class='ocrx_word' id='word_1_55' title='bbox 90 1635 95 1644; x_wconf 29' lang='grc' dir='ltr'>ι</span> <span class='ocrx_word' id='word_1_56' title='bbox 379 1563 424 1628; x_wconf 79' lang='lat' dir='ltr'><strong>Ub</strong></span> <span class='ocrx_word' id='word_1_57' title='bbox 447 1567 504 1660; x_wconf 75' lang='lat' dir='ltr'><strong>tua</strong></span> <span class='ocrx_word' id='word_1_58' title='bbox 528 1565 570 1629; x_wconf 73' lang='lat' dir='ltr'><strong>nib</strong></span> <span class='ocrx_word' id='word_1_59' title='bbox 592 1567 659 1630; x_wconf 88' lang='lat' dir='ltr'><strong>solo</strong></span> <span class='ocrx_word' id='word_1_60' title='bbox 683 1569 827 1651; x_wconf 75' lang='lat' dir='ltr'><strong>bempore</strong></span> <span class='ocrx_word' id='word_1_61' title='bbox 850 1567 941 1652; x_wconf 87' lang='lat' dir='ltr'><strong>lapsa</strong></span> <span class='ocrx_word' id='word_1_62' title='bbox 965 1567 1053 1644; x_wconf 82' lang='lat' dir='ltr'><strong>fides.</strong></span> 
     </span>
     <span class='ocr_line' id='line_1_11' title="bbox 197 1682 1131 1770; baseline 0.005 -22"><span class='ocrx_word' id='word_1_63' title='bbox 197 1682 238 1748; x_wconf 89' lang='lat' dir='ltr'><strong>cf.</strong></span> <span class='ocrx_word' id='word_1_64' title='bbox 263 1683 361 1770; x_wconf 83' lang='lat' dir='ltr'><strong>Verg.</strong></span> <span class='ocrx_word' id='word_1_65' title='bbox 386 1684 468 1753; x_wconf 80' lang='lat' dir='ltr'><strong>Aen.</strong></span> <span class='ocrx_word' id='word_1_66' title='bbox 493 1687 535 1754; x_wconf 89' lang='lat' dir='ltr'><strong>X.</strong></span> <span class='ocrx_word' id='word_1_67' title='bbox 562 1689 624 1765; x_wconf 87' lang='lat'><strong>94;</strong></span> <span class='ocrx_word' id='word_1_68' title='bbox 648 1687 721 1753; x_wconf 82' lang='lat' dir='ltr'><strong>Vel.</strong></span> <span class='ocrx_word' id='word_1_69' title='bbox 745 1688 848 1755; x_wconf 83' lang='lat' dir='ltr'><strong>Flacc.</strong></span> <span class='ocrx_word' id='word_1_70' title='bbox 873 1689 936 1755; x_wconf 93' lang='grc' dir='ltr'><strong>ΙΙΙ.</strong></span> <span class='ocrx_word' id='word_1_71' title='bbox 963 1690 1047 1766; x_wconf 85' lang='grc'><strong>713;</strong></span> <span class='ocrx_word' id='word_1_72' title='bbox 1073 1692 1131 1753; x_wconf 73' lang='lat' dir='ltr'><strong>cet.</strong></span> 
     </span>
    </p>

    <p class='ocr_par' dir='ltr' id='par_1_5' title="bbox 196 1806 1394 2116">
     <span class='ocr_line' id='line_1_12' title="bbox 243 1806 1394 1887; baseline 0.002 -17"><span class='ocrx_word' id='word_1_73' title='bbox 243 1806 401 1872; x_wconf 88' lang='lat' dir='ltr'><strong>Indicium</strong></span> <span class='ocrx_word' id='word_1_74' title='bbox 432 1830 508 1873; x_wconf 90' lang='lat' dir='ltr'><strong>uero</strong></span> <span class='ocrx_word' id='word_1_75' title='bbox 540 1809 683 1874; x_wconf 71' lang='lat' dir='ltr'><strong>lectionis</strong></span> <span class='ocrx_word' id='word_1_76' title='bbox 706 1833 807 1875; x_wconf 77' lang='lat' dir='ltr'><strong>amere</strong></span> <span class='ocrx_word' id='word_1_77' title='bbox 830 1810 1003 1874; x_wconf 75' lang='lat' dir='ltr'><strong>habeamus</strong></span> <span class='ocrx_word' id='word_1_78' title='bbox 1026 1809 1162 1874; x_wconf 74' lang='lat' dir='ltr'><strong>forsitan</strong></span> <span class='ocrx_word' id='word_1_79' title='bbox 1184 1808 1219 1872; x_wconf 88' lang='lat' dir='ltr'><strong>in</strong></span> <span class='ocrx_word' id='word_1_80' title='bbox 1242 1811 1280 1887; x_wconf 78' lang='lat' dir='ltr'><strong>k,</strong></span> <span class='ocrx_word' id='word_1_81' title='bbox 1304 1807 1394 1873; x_wconf 85' lang='lat' dir='ltr'><strong>erhi-</strong></span> 
     </span>
     <span class='ocr_line' id='line_1_13' title="bbox 196 1927 1390 2016; baseline 0.002 -25"><span class='ocrx_word' id='word_1_82' title='bbox 196 1927 293 1992; x_wconf 80' lang='lat' dir='ltr'><strong>bcnbe</strong></span> <span class='ocrx_word' id='word_1_83' title='bbox 325 1952 441 1994; x_wconf 71' lang='lat' dir='ltr'><strong>omres</strong></span> <span class='ocrx_word' id='word_1_84' title='bbox 472 1933 574 2015; x_wconf 77' lang='lat' dir='ltr'><strong>cioca,</strong></span> <span class='ocrx_word' id='word_1_85' title='bbox 608 1930 663 1994; x_wconf 91' lang='lat' dir='ltr'><strong>ubi</strong></span> <span class='ocrx_word' id='word_1_86' title='bbox 694 1951 789 2016; x_wconf 77' lang='lat' dir='ltr'><strong>aper</strong></span> <span class='ocrx_word' id='word_1_87' title='bbox 811 1930 979 1996; x_wconf 77' lang='lat' dir='ltr'><strong>scribentis</strong></span> <span class='ocrx_word' id='word_1_88' title='bbox 1002 1952 1140 1996; x_wconf 89' lang='lat' dir='ltr'><strong>errorem</strong></span> <span class='ocrx_word' id='word_1_89' title='bbox 1164 1929 1214 1994; x_wconf 91' lang='lat' dir='ltr'><strong>bis</strong></span> <span class='ocrx_word' id='word_1_90' title='bbox 1237 1929 1390 2014; x_wconf 81' lang='lat' dir='ltr'><strong>scriptum</strong></span> 
     </span>
     <span class='ocr_line' id='line_1_14' title="bbox 196 2047 470 2116; baseline 0.007 -2"><span class='ocrx_word' id='word_1_91' title='bbox 196 2069 263 2114; x_wconf 87' lang='lat' dir='ltr'><strong>esse</strong></span> <span class='ocrx_word' id='word_1_92' title='bbox 286 2047 470 2116; x_wconf 88' lang='lat' dir='ltr'><strong>uerisimile.</strong></span> 
     </span>
    </p>

    <p class='ocr_par' dir='ltr' id='par_1_6' title="bbox 196 2169 1193 2379">
     <span class='ocr_line' id='line_1_15' title="bbox 240 2169 1193 2253; baseline 0.001 -18"><span class='ocrx_word' id='word_1_93' title='bbox 240 2169 332 2246; x_wconf 77' lang='lat' dir='ltr'><strong>Quod</strong></span> <span class='ocrx_word' id='word_1_94' title='bbox 355 2172 473 2237; x_wconf 71' lang='lat' dir='ltr'><strong>attinet</strong></span> <span class='ocrx_word' id='word_1_95' title='bbox 496 2175 537 2237; x_wconf 84' lang='lat' dir='ltr'><strong>ad</strong></span> <span class='ocrx_word' id='word_1_96' title='bbox 561 2174 752 2239; x_wconf 66' lang='lat' dir='ltr'><strong>sententiam</strong></span> <span class='ocrx_word' id='word_1_97' title='bbox 776 2173 871 2238; x_wconf 89' lang='lat' dir='ltr'><strong>huius</strong></span> <span class='ocrx_word' id='word_1_98' title='bbox 894 2195 961 2253; x_wconf 81' lang='lat' dir='ltr'><strong>ua,</strong></span> <span class='ocrx_word' id='word_1_99' title='bbox 986 2171 1193 2238; x_wconf 75' lang='lat' dir='ltr'><strong>conferantur</strong></span> 
     </span>
     <span class='ocr_line' id='line_1_16' title="bbox 196 2291 520 2379; baseline 0.006 -23"><span class='ocrx_word' id='word_1_100' title='bbox 196 2291 270 2358; x_wconf 86' lang='lat' dir='ltr'><strong>Am.</strong></span> <span class='ocrx_word' id='word_1_101' title='bbox 299 2292 327 2356; x_wconf 93' lang='grc' dir='ltr'><strong>Ι.</strong></span> <span class='ocrx_word' id='word_1_102' title='bbox 353 2294 383 2358; x_wconf 86' lang='grc'><strong>3.</strong></span> <span class='ocrx_word' id='word_1_103' title='bbox 409 2293 429 2356; x_wconf 87' lang='grc'>2</span> <span class='ocrx_word' id='word_1_104' title='bbox 454 2313 520 2379; x_wconf 92' lang='lat' dir='ltr'><strong>sq.:</strong></span> 
     </span>
    </p>

    <p class='ocr_par' dir='ltr' id='par_1_7' title="bbox 197 2415 1451 2744">
     <span class='ocr_line' id='line_1_17' title="bbox 480 2415 1451 2501; baseline 0 -21"><span class='ocrx_word' id='word_1_105' title='bbox 480 2415 548 2481; x_wconf 79' lang='lat' dir='ltr'><strong>Aut</strong></span> <span class='ocrx_word' id='word_1_106' title='bbox 578 2419 680 2495; x_wconf 76' lang='lat' dir='ltr'><strong>amab,</strong></span> <span class='ocrx_word' id='word_1_107' title='bbox 705 2418 761 2480; x_wconf 75' lang='lat' dir='ltr'><strong>aui</strong></span> <span class='ocrx_word' id='word_1_108' title='bbox 782 2416 881 2481; x_wconf 73' lang='lat' dir='ltr'><strong>faciat</strong></span> <span class='ocrx_word' id='word_1_109' title='bbox 904 2437 961 2480; x_wconf 91' lang='lat' dir='ltr'><strong>cur</strong></span> <span class='ocrx_word' id='word_1_110' title='bbox 982 2436 1042 2501; x_wconf 83' lang='lat' dir='ltr'><strong>ego</strong></span> <span class='ocrx_word' id='word_1_111' title='bbox 1066 2437 1189 2500; x_wconf 88' lang='lat' dir='ltr'><strong>semper</strong></span> <span class='ocrx_word' id='word_1_112' title='bbox 1212 2436 1325 2480; x_wconf 89' lang='lat' dir='ltr'><strong>amem.</strong></span> <span class='ocrx_word' id='word_1_113' title='bbox 1449 2415 1451 2424; x_wconf 60' lang='lat'><strong><em>⁴</em></strong></span> 
     </span>
     <span class='ocr_line' id='line_1_18' title="bbox 433 2536 1215 2622; baseline -0.003 -20"><span class='ocrx_word' id='word_1_114' title='bbox 433 2537 480 2614; x_wconf 82' lang='lat' dir='ltr'><strong>A,</strong></span> <span class='ocrx_word' id='word_1_115' title='bbox 505 2537 639 2602; x_wconf 90' lang='lat' dir='ltr'><strong>nimium</strong></span> <span class='ocrx_word' id='word_1_116' title='bbox 663 2536 767 2601; x_wconf 91' lang='lat' dir='ltr'><strong>uolui!</strong></span> <span class='ocrx_word' id='word_1_117' title='bbox 792 2539 921 2601; x_wconf 71' lang='lat' dir='ltr'><strong>tantum</strong></span> <span class='ocrx_word' id='word_1_118' title='bbox 943 2536 1085 2622; x_wconf 75' lang='lat' dir='ltr'><strong>patiebur</strong></span> <span class='ocrx_word' id='word_1_119' title='bbox 1108 2536 1215 2601; x_wconf 90' lang='lat' dir='ltr'><strong>amari.</strong></span> 
     </span>
     <span class='ocr_line' id='line_1_19' title="bbox 197 2657 1390 2744; baseline 0.001 -22"><span class='ocrx_word' id='word_1_120' title='bbox 197 2657 272 2723; x_wconf 86' lang='lat' dir='ltr'><strong>Am.</strong></span> <span class='ocrx_word' id='word_1_121' title='bbox 295 2657 354 2722; x_wconf 92' lang='lat' dir='ltr'>III.</span> <span class='ocrx_word' id='word_1_122' title='bbox 381 2657 412 2723; x_wconf 87' lang='grc'><strong>2.</strong></span> <span class='ocrx_word' id='word_1_123' title='bbox 440 2657 497 2722; x_wconf 81' lang='lat'><strong>57:</strong></span> <span class='ocrx_word' id='word_1_124' title='bbox 525 2657 637 2744; x_wconf 91' lang='lat' dir='ltr'><strong>Daque</strong></span> <span class='ocrx_word' id='word_1_125' title='bbox 655 2680 759 2723; x_wconf 89' lang='lat' dir='ltr'><strong>nouae</strong></span> <span class='ocrx_word' id='word_1_126' title='bbox 779 2662 919 2723; x_wconf 76' lang='lat' dir='ltr'><strong>menbem</strong></span> <span class='ocrx_word' id='word_1_127' title='bbox 938 2658 1101 2743; x_wconf 84' lang='lat' dir='ltr'><strong>dominae,</strong></span> <span class='ocrx_word' id='word_1_128' title='bbox 1117 2658 1261 2743; x_wconf 74' lang='lat' dir='ltr'><strong>patiatur</strong></span> <span class='ocrx_word' id='word_1_129' title='bbox 1280 2658 1390 2723; x_wconf 89' lang='lat' dir='ltr'><strong>amari.</strong></span> 
     </span>
    </p>
   </div>
   <div class='ocr_carea' id='block_1_5' title="bbox 197 2777 1343 2987">
    <p class='ocr_par' dir='ltr' id='par_1_8' title="bbox 197 2777 1343 2987">
     <span class='ocr_line' id='line_1_20' title="bbox 197 2777 767 2864; baseline 0.005 -22"><span class='ocrx_word' id='word_1_130' title='bbox 197 2779 236 2844; x_wconf 89' lang='lat' dir='ltr'><strong>cf.</strong></span> <span class='ocrx_word' id='word_1_131' title='bbox 263 2779 360 2864; x_wconf 83' lang='lat' dir='ltr'><strong>Verg.</strong></span> <span class='ocrx_word' id='word_1_132' title='bbox 386 2777 488 2846; x_wconf 81' lang='lat' dir='ltr'><strong>Oabal.</strong></span> <span class='ocrx_word' id='word_1_133' title='bbox 513 2780 607 2847; x_wconf 89' lang='lat' dir='ltr'>XIII.</span> <span class='ocrx_word' id='word_1_134' title='bbox 634 2781 689 2845; x_wconf 89' lang='lat' dir='ltr'><strong>ll:</strong></span> <span class='ocrx_word' id='word_1_135' title='bbox 765 2791 767 2800; x_wconf 90' lang='grc'><strong>’</strong></span> 
     </span>
     <span class='ocr_line' id='line_1_21' title="bbox 528 2901 1343 2987; baseline -0.001 -21"><span class='ocrx_word' id='word_1_136' title='bbox 528 2901 631 2977; x_wconf 83' lang='lat' dir='ltr'><strong>Quare</strong></span> <span class='ocrx_word' id='word_1_137' title='bbox 652 2902 733 2967; x_wconf 87' lang='lat' dir='ltr'><strong>illud</strong></span> <span class='ocrx_word' id='word_1_138' title='bbox 757 2902 834 2968; x_wconf 75' lang='lat' dir='ltr'><strong>sabis</strong></span> <span class='ocrx_word' id='word_1_139' title='bbox 857 2905 922 2982; x_wconf 76' lang='lat' dir='ltr'><strong>esi,</strong></span> <span class='ocrx_word' id='word_1_140' title='bbox 946 2902 973 2967; x_wconf 88' lang='lat' dir='ltr'><strong>si</strong></span> <span class='ocrx_word' id='word_1_141' title='bbox 997 2905 1029 2967; x_wconf 81' lang='lat' dir='ltr'><strong>ie</strong></span> <span class='ocrx_word' id='word_1_142' title='bbox 1052 2901 1211 2987; x_wconf 79' lang='lat' dir='ltr'><strong>permibbis</strong></span> <span class='ocrx_word' id='word_1_143' title='bbox 1234 2902 1343 2967; x_wconf 85' lang='lat' dir='ltr'><strong>amari.</strong></span> 
     </span>
    </p>
   </div>
   <div class='ocr_carea' id='block_1_6' title="bbox 195 3147 1387 4087">
    <p class='ocr_par' dir='ltr' id='par_1_9' title="bbox 241 3147 1385 3216">
     <span class='ocr_line' id='line_1_22' title="bbox 241 3147 1385 3216; baseline 0 -2"><span class='ocrx_word' id='word_1_144' title='bbox 241 3147 294 3214; x_wconf 88' lang='lat' dir='ltr'><strong>Vs.</strong></span> <span class='ocrx_word' id='word_1_145' title='bbox 309 3149 362 3215; x_wconf 83' lang='lat'><strong>97.</strong></span> <span class='ocrx_word' id='word_1_146' title='bbox 383 3147 562 3216; x_wconf 79' lang='lat' dir='ltr'><strong>Scsreruvs</strong></span> <span class='ocrx_word' id='word_1_147' title='bbox 576 3169 614 3213; x_wconf 78' lang='lat' dir='ltr'><strong>er</strong></span> <span class='ocrx_word' id='word_1_148' title='bbox 628 3168 783 3214; x_wconf 68' lang='lat' dir='ltr'><strong>secururs</strong></span> <span class='ocrx_word' id='word_1_149' title='bbox 801 3167 895 3214; x_wconf 72' lang='lat' dir='ltr'><strong>cover</strong></span> <span class='ocrx_word' id='word_1_150' title='bbox 913 3168 1080 3213; x_wconf 67' lang='lat' dir='ltr'><strong>concurre</strong></span> <span class='ocrx_word' id='word_1_151' title='bbox 1094 3167 1242 3214; x_wconf 72' lang='lat' dir='ltr'><strong>camaris,</strong></span> <span class='ocrx_word' id='word_1_152' title='bbox 1255 3147 1296 3214; x_wconf 89' lang='lat' dir='ltr'><strong>cf.</strong></span> <span class='ocrx_word' id='word_1_153' title='bbox 1309 3147 1385 3215; x_wconf 84' lang='lat' dir='ltr'><strong>Her.</strong></span> 
     </span>
    </p>

    <p class='ocr_par' dir='ltr' id='par_1_10' title="bbox 196 3268 1364 3600">
     <span class='ocr_line' id='line_1_23' title="bbox 196 3268 445 3356; baseline 0.02 -23"><span class='ocrx_word' id='word_1_154' title='bbox 196 3268 265 3336; x_wconf 88' lang='lat' dir='ltr'>VII.</span> <span class='ocrx_word' id='word_1_155' title='bbox 293 3272 357 3336; x_wconf 85' lang='grc'><strong>184</strong></span> <span class='ocrx_word' id='word_1_156' title='bbox 380 3291 445 3356; x_wconf 89' lang='lat' dir='ltr'><strong>sq.:</strong></span> 
     </span>
     <span class='ocr_line' id='line_1_24' title="bbox 518 3390 1289 3479; baseline -0.004 -21"><span class='ocrx_word' id='word_1_157' title='bbox 518 3392 690 3458; x_wconf 78' lang='lat' dir='ltr'><strong>Scribimus</strong></span> <span class='ocrx_word' id='word_1_158' title='bbox 713 3396 747 3458; x_wconf 76' lang='lat' dir='ltr'><strong>eb</strong></span> <span class='ocrx_word' id='word_1_159' title='bbox 768 3392 890 3479; x_wconf 84' lang='lat' dir='ltr'><strong>gremio</strong></span> <span class='ocrx_word' id='word_1_160' title='bbox 913 3391 1045 3457; x_wconf 78' lang='lat' dir='ltr'><strong>Troicus</strong></span> <span class='ocrx_word' id='word_1_161' title='bbox 1072 3391 1156 3456; x_wconf 88' lang='lat' dir='ltr'><strong>ensis</strong></span> <span class='ocrx_word' id='word_1_162' title='bbox 1180 3390 1289 3456; x_wconf 81' lang='lat' dir='ltr'><strong>adest:</strong></span> 
     </span>
     <span class='ocr_line' id='line_1_25' title="bbox 469 3511 1364 3600; baseline 0.001 -22"><span class='ocrx_word' id='word_1_163' title='bbox 469 3513 592 3599; x_wconf 88' lang='lat' dir='ltr'><strong>Perque</strong></span> <span class='ocrx_word' id='word_1_164' title='bbox 607 3535 705 3600; x_wconf 84' lang='lat' dir='ltr'><strong>genas</strong></span> <span class='ocrx_word' id='word_1_165' title='bbox 717 3515 866 3579; x_wconf 82' lang='lat' dir='ltr'><strong>lacrimae</strong></span> <span class='ocrx_word' id='word_1_166' title='bbox 877 3514 1022 3579; x_wconf 75' lang='lat' dir='ltr'><strong>strictum</strong></span> <span class='ocrx_word' id='word_1_167' title='bbox 1033 3512 1189 3577; x_wconf 74' lang='lat' dir='ltr'><strong>labuntur</strong></span> <span class='ocrx_word' id='word_1_168' title='bbox 1199 3511 1235 3575; x_wconf 89' lang='lat' dir='ltr'><strong>in</strong></span> <span class='ocrx_word' id='word_1_169' title='bbox 1246 3533 1364 3579; x_wconf 88' lang='lat' dir='ltr'><strong>ensem.</strong></span> 
     </span>
    </p>

    <p class='ocr_par' dir='ltr' id='par_1_11' title="bbox 197 3632 1386 3822">
     <span class='ocr_line' id='line_1_26' title="bbox 235 3632 1386 3721; baseline -0.003 -22"><span class='ocrx_word' id='word_1_170' title='bbox 235 3633 361 3701; x_wconf 40' lang='lat' dir='ltr'><strong>&#39;Eadem</strong></span> <span class='ocrx_word' id='word_1_171' title='bbox 384 3635 450 3700; x_wconf 86' lang='lat' dir='ltr'><strong>fere</strong></span> <span class='ocrx_word' id='word_1_172' title='bbox 472 3657 581 3701; x_wconf 88' lang='lat' dir='ltr'><strong>uersus</strong></span> <span class='ocrx_word' id='word_1_173' title='bbox 605 3658 678 3721; x_wconf 84' lang='lat' dir='ltr'><strong>pars</strong></span> <span class='ocrx_word' id='word_1_174' title='bbox 701 3639 750 3700; x_wconf 80' lang='lat' dir='ltr'><strong>osb</strong></span> <span class='ocrx_word' id='word_1_175' title='bbox 766 3635 841 3700; x_wconf 88' lang='lat' dir='ltr'><strong>Her.</strong></span> <span class='ocrx_word' id='word_1_176' title='bbox 863 3635 951 3701; x_wconf 89' lang='lat' dir='ltr'>VIII.</span> <span class='ocrx_word' id='word_1_177' title='bbox 972 3636 1054 3699; x_wconf 89' lang='lat'>109:</span> <span class='ocrx_word' id='word_1_178' title='bbox 1078 3671 1119 3683; x_wconf 90' lang='lat'><em>-</em></span> <span class='ocrx_word' id='word_1_179' title='bbox 1140 3633 1279 3698; x_wconf 87' lang='lat' dir='ltr'><strong>lacrimis</strong></span> <span class='ocrx_word' id='word_1_180' title='bbox 1300 3632 1386 3698; x_wconf 91' lang='lat' dir='ltr'><strong>oculi</strong></span> 
     </span>
     <span class='ocr_line' id='line_1_27' title="bbox 197 3731 1281 3822; baseline 0.005 -2"><span class='ocrx_word' id='word_1_181' title='bbox 197 3762 346 3822; x_wconf 77' lang='lat' dir='ltr'><strong>rcranbur</strong></span> <span class='ocrx_word' id='word_1_182' title='bbox 370 3758 501 3822; x_wconf 72' lang='lat' dir='ltr'><strong>obortis.</strong></span> <span class='ocrx_word' id='word_1_183' title='bbox 1277 3731 1281 3735; x_wconf 16' lang='grc' dir='ltr'><strong><em>ι</em></strong></span> 
     </span>
    </p>

    <p class='ocr_par' dir='ltr' id='par_1_12' title="bbox 195 3875 1387 4087">
     <span class='ocr_line' id='line_1_28' title="bbox 243 3875 1387 3966; baseline -0.002 -23"><span class='ocrx_word' id='word_1_184' title='bbox 243 3899 398 3944; x_wconf 74' lang='lat' dir='ltr'><strong>rrcmms</strong></span> <span class='ocrx_word' id='word_1_185' title='bbox 422 3900 557 3945; x_wconf 78' lang='lat' dir='ltr'><strong>cacams</strong></span> <span class='ocrx_word' id='word_1_186' title='bbox 589 3879 770 3966; x_wconf 84' lang='lat' dir='ltr'><strong>saepissime</strong></span> <span class='ocrx_word' id='word_1_187' title='bbox 792 3880 837 3946; x_wconf 91' lang='lat' dir='ltr'><strong>sic</strong></span> <span class='ocrx_word' id='word_1_188' title='bbox 861 3880 939 3945; x_wconf 77' lang='lat' dir='ltr'><strong>dicit</strong></span> <span class='ocrx_word' id='word_1_189' title='bbox 964 3878 1114 3945; x_wconf 88' lang='lat' dir='ltr'><strong>Ouidius:</strong></span> <span class='ocrx_word' id='word_1_190' title='bbox 1147 3876 1291 3963; x_wconf 83' lang='lat' dir='ltr'><strong>exempla</strong></span> <span class='ocrx_word' id='word_1_191' title='bbox 1322 3875 1387 3941; x_wconf 90' lang='lat' dir='ltr'><strong>ccl·</strong></span> 
     </span>
     <span class='ocr_line' id='line_1_29' title="bbox 195 3997 1357 4087; baseline -0.002 -23"><span class='ocrx_word' id='word_1_192' title='bbox 195 4000 278 4065; x_wconf 80' lang='lat' dir='ltr'><strong>lecta</strong></span> <span class='ocrx_word' id='word_1_193' title='bbox 300 4005 377 4066; x_wconf 73' lang='lat' dir='ltr'><strong>sunt</strong></span> <span class='ocrx_word' id='word_1_194' title='bbox 400 4023 419 4065; x_wconf 87' lang='lat' dir='ltr'><strong>a</strong></span> <span class='ocrx_word' id='word_1_195' title='bbox 443 4001 638 4087; x_wconf 87' lang='lat' dir='ltr'><strong>Zingerleic,</strong></span> <span class='ocrx_word' id='word_1_196' title='bbox 666 4000 757 4068; x_wconf 80' lang='lat' dir='ltr'><strong>Ouid.</strong></span> <span class='ocrx_word' id='word_1_197' title='bbox 783 4025 812 4066; x_wconf 82' lang='lat' dir='ltr'><strong>u.</strong></span> <span class='ocrx_word' id='word_1_198' title='bbox 837 4025 861 4066; x_wconf 82' lang='lat' dir='ltr'><strong>c.</strong></span> <span class='ocrx_word' id='word_1_199' title='bbox 895 4000 1068 4066; x_wconf 77' lang='lat' dir='ltr'><strong>Verbcelto.</strong></span> <span class='ocrx_word' id='word_1_200' title='bbox 1093 4002 1153 4065; x_wconf 76' lang='lat' dir='ltr'><strong>cet.</strong></span> <span class='ocrx_word' id='word_1_201' title='bbox 1180 3999 1222 4064; x_wconf 93' lang='lat' dir='ltr'><strong>II.</strong></span> <span class='ocrx_word' id='word_1_202' title='bbox 1247 4021 1279 4083; x_wconf 90' lang='lat' dir='ltr'><strong>p.</strong></span> <span class='ocrx_word' id='word_1_203' title='bbox 1305 3997 1357 4064; x_wconf 83' lang='lat'><strong>72.</strong></span> 
     </span>
    </p>
   </div>
   <div class='ocr_carea' id='block_1_7' title="bbox 196 4239 1388 4697">
    <p class='ocr_par' dir='ltr' id='par_1_13' title="bbox 196 4239 1388 4574">
     <span class='ocr_line' id='line_1_30' title="bbox 242 4239 1387 4320; baseline -0.006 -9"><span class='ocrx_word' id='word_1_204' title='bbox 242 4244 295 4311; x_wconf 88' lang='lat' dir='ltr'><strong>Vs.</strong></span> <span class='ocrx_word' id='word_1_205' title='bbox 328 4244 381 4312; x_wconf 87' lang='grc'><strong>98.</strong></span> <span class='ocrx_word' id='word_1_206' title='bbox 413 4245 539 4312; x_wconf 76' lang='lat' dir='ltr'><strong>Asprcs</strong></span> <span class='ocrx_word' id='word_1_207' title='bbox 569 4266 658 4320; x_wconf 78' lang='lat' dir='ltr'><strong>cusu</strong></span> <span class='ocrx_word' id='word_1_208' title='bbox 682 4265 734 4312; x_wconf 85' lang='lat' dir='ltr'><strong>sm</strong></span> <span class='ocrx_word' id='word_1_209' title='bbox 758 4266 793 4309; x_wconf 80' lang='lat' dir='ltr'><strong>rr</strong></span> <span class='ocrx_word' id='word_1_210' title='bbox 818 4265 880 4310; x_wconf 80' lang='lat' dir='ltr'><strong>acc</strong></span> <span class='ocrx_word' id='word_1_211' title='bbox 905 4264 1014 4311; x_wconf 77' lang='lat' dir='ltr'><strong>urum</strong></span> <span class='ocrx_word' id='word_1_212' title='bbox 1037 4262 1156 4308; x_wconf 71' lang='lat' dir='ltr'><strong>irruas</strong></span> <span class='ocrx_word' id='word_1_213' title='bbox 1182 4260 1273 4305; x_wconf 77' lang='lat' dir='ltr'><strong>ccco.</strong></span> <span class='ocrx_word' id='word_1_214' title='bbox 1298 4239 1387 4305; x_wconf 77' lang='lat' dir='ltr'><strong>Nota</strong></span> 
     </span>
     <span class='ocr_line' id='line_1_31' title="bbox 196 4363 1388 4454; baseline -0.008 -22"><span class='ocrx_word' id='word_1_215' title='bbox 196 4389 246 4432; x_wconf 88' lang='lat' dir='ltr'><strong>res</strong></span> <span class='ocrx_word' id='word_1_216' title='bbox 275 4371 323 4432; x_wconf 76' lang='lat' dir='ltr'><strong>esi</strong></span> <span class='ocrx_word' id='word_1_217' title='bbox 354 4388 450 4452; x_wconf 85' lang='lat' dir='ltr'><strong>quam</strong></span> <span class='ocrx_word' id='word_1_218' title='bbox 481 4367 664 4454; x_wconf 80' lang='lat' dir='ltr'><strong>frequenber</strong></span> <span class='ocrx_word' id='word_1_219' title='bbox 693 4368 827 4434; x_wconf 86' lang='lat' dir='ltr'><strong>Ouidius</strong></span> <span class='ocrx_word' id='word_1_220' title='bbox 856 4368 903 4431; x_wconf 80' lang='lat' dir='ltr'><strong>iba</strong></span> <span class='ocrx_word' id='word_1_221' title='bbox 931 4366 1087 4452; x_wconf 72' lang='lat' dir='ltr'><strong>depingat</strong></span> <span class='ocrx_word' id='word_1_222' title='bbox 1115 4364 1326 4446; x_wconf 79' lang='lat' dir='ltr'><strong>scribentem,</strong></span> <span class='ocrx_word' id='word_1_223' title='bbox 1351 4363 1388 4424; x_wconf 77' lang='lat' dir='ltr'><strong>ub</strong></span> 
     </span>
     <span class='ocr_line' id='line_1_32' title="bbox 196 4487 1242 4574; baseline -0.005 -21"><span class='ocrx_word' id='word_1_224' title='bbox 196 4488 345 4553; x_wconf 85' lang='lat' dir='ltr'><strong>lacrimae</strong></span> <span class='ocrx_word' id='word_1_225' title='bbox 368 4489 397 4552; x_wconf 89' lang='lat' dir='ltr'><strong>ci</strong></span> <span class='ocrx_word' id='word_1_226' title='bbox 420 4488 551 4554; x_wconf 74' lang='lat' dir='ltr'><strong>obortae</strong></span> <span class='ocrx_word' id='word_1_227' title='bbox 574 4491 703 4555; x_wconf 77' lang='lat' dir='ltr'><strong>lituram</strong></span> <span class='ocrx_word' id='word_1_228' title='bbox 727 4490 848 4555; x_wconf 75' lang='lat' dir='ltr'><strong>faciant</strong></span> <span class='ocrx_word' id='word_1_229' title='bbox 869 4489 904 4554; x_wconf 89' lang='lat' dir='ltr'><strong>in</strong></span> <span class='ocrx_word' id='word_1_230' title='bbox 929 4489 1065 4574; x_wconf 71' lang='lat' dir='ltr'><strong>scripto,</strong></span> <span class='ocrx_word' id='word_1_231' title='bbox 1092 4487 1132 4552; x_wconf 89' lang='lat' dir='ltr'><strong>cf.</strong></span> <span class='ocrx_word' id='word_1_232' title='bbox 1158 4509 1183 4551; x_wconf 93' lang='lat' dir='ltr'><strong>e.</strong></span> <span class='ocrx_word' id='word_1_233' title='bbox 1212 4505 1242 4570; x_wconf 83' lang='lat' dir='ltr'><strong>g.</strong></span> 
     </span>
    </p>

    <p class='ocr_par' dir='ltr' id='par_1_14' title="bbox 198 4604 1340 4697">
     <span class='ocr_line' id='line_1_33' title="bbox 198 4604 1340 4697; baseline -0.004 -24"><span class='ocrx_word' id='word_1_234' title='bbox 198 4609 294 4674; x_wconf 78' lang='lat' dir='ltr'><strong>Trisb.</strong></span> <span class='ocrx_word' id='word_1_235' title='bbox 308 4609 362 4674; x_wconf 89' lang='lat' dir='ltr'>III.</span> <span class='ocrx_word' id='word_1_236' title='bbox 381 4610 409 4677; x_wconf 90' lang='lat'><strong>1.</strong></span> <span class='ocrx_word' id='word_1_237' title='bbox 425 4610 465 4674; x_wconf 82' lang='lat'><strong>15</strong></span> <span class='ocrx_word' id='word_1_238' title='bbox 478 4633 524 4695; x_wconf 91' lang='lat' dir='ltr'><strong>sq.</strong></span> <span class='ocrx_word' id='word_1_239' title='bbox 536 4631 544 4678; x_wconf 94' lang='lat'><strong>:</strong></span> <span class='ocrx_word' id='word_1_240' title='bbox 557 4609 679 4676; x_wconf 77' lang='lat' dir='ltr'><strong>Libbcra</strong></span> <span class='ocrx_word' id='word_1_241' title='bbox 692 4612 826 4677; x_wconf 88' lang='lat' dir='ltr'><strong>suffusas</strong></span> <span class='ocrx_word' id='word_1_242' title='bbox 838 4613 923 4697; x_wconf 87' lang='lat' dir='ltr'><strong>quod</strong></span> <span class='ocrx_word' id='word_1_243' title='bbox 936 4609 1035 4676; x_wconf 79' lang='lat' dir='ltr'><strong>habeb</strong></span> <span class='ocrx_word' id='word_1_244' title='bbox 1045 4608 1206 4673; x_wconf 89' lang='lat' dir='ltr'><strong>maculosa</strong></span> <span class='ocrx_word' id='word_1_245' title='bbox 1216 4604 1340 4684; x_wconf 75' lang='lat' dir='ltr'><strong>lituras,</strong></span> 
     </span>
    </p>
   </div>
   <div class='ocr_carea' id='block_1_8' title="bbox 0 0 1694 5346">
    <p class='ocr_par' dir='ltr' id='par_1_15' title="bbox 0 0 1694 5346">
     <span class='ocr_line' id='line_1_34' title="bbox 0 0 1694 5346; baseline 0 0"><span class='ocrx_word' id='word_1_246' title='bbox 0 0 1694 5346; x_wconf 95' lang='lat' dir='ltr'><strong> </strong></span> 
     </span>
    </p>
   </div>
  </div>
 </body>
</html>
