3386 5346
918 410 959 472 10

340 591 382 656 69
414 593 592 676 adscriptus
623 595 671 657 est
701 592 831 677 Georgii
855 591 995 656 Merulae
1019 591 1110 655 Alex.
1136 591 1385 655 commentarius
1406 593 1447 655 ad
1471 613 1535 656 uss.

341 715 484 780 1-115.
520 715 617 779 Hunc
644 715 762 779 librum
793 737 859 779 una
886 736 957 779 cum
982 715 1050 778 eod.
1076 713 1226 778 Gothano
1252 712 1310 780 Oh.
1336 713 1374 777 B.
1405 712 1491 778 1047
1517 737 1536 778 a

338 837 517 924 Pertsehi0,
547 838 761 903 illustrissimo
787 837 957 903 (iothanae
981 836 1193 901 bibliothecae
1215 836 1396 920 praefecto,
1420 837 1535 902 huma-

305 948 313 962 ’
339 960 468 1024 nissime
495 959 643 1024 Bonnam
668 960 782 1023 adme
806 959 954 1037 missum,
979 958 1073 1023 utin
1097 958 1292 1045 bibliotheca
1316 959 1536 1024 uniuersitatis

338 1081 519 1147 Bonnensis
543 1085 722 1148 excuterem
745 1082 885 1166 benigne
909 1080 1054 1165 permisit
1077 1078 1114 1147 O.
1138 1079 1398 1145 Schaarschmidt
1420 1080 1460 1145 V.
1476 1079 1511 1146 O.

383 1205 423 1289 χ)
447 1204 516 1271 cod.
548 1203 717 1269 Gothanus
746 1202 805 1269 ch.
838 1203 878 1268 B.
913 1203 1016 1280 1047,
1050 1201 1200 1280 chartac,
1226 1224 1306 1267 saec.
1331 1201 1406 1280 XV,
1430 1203 1535 1268 conti-

338 1347 418 1390 nens
448 1325 569 1390 Tibulli
592 1325 716 1410 elegea,
741 1324 848 1389 Ouidii
869 1325 911 1390 A.
935 1324 976 1388 A.
999 1323 1042 1388 II.
1070 1323 1268 1402 115-120;
1295 1323 1353 1389 III.
1382 1325 1535 1403 59-66,

337 1447 479 1512 carmina
509 1447 662 1532 quaedam
696 1469 735 1510 ex
766 1445 901 1510 Anthol.
933 1445 1016 1531 Lat,
1047 1445 1136 1510 uaria
1164 1446 1325 1510 uariorum
1348 1446 1533 1511 recentioris

338 1570 408 1634 aeui
438 1571 605 1654 poetarum
636 1570 778 1633 carmina
790 1568 815 1654 1)
849 1572 882 1632 et
913 1567 979 1652 (fol.
1016 1566 1074 1636 58b
1095 1573 1176 1653 sqq.)
1203 1567 1396 1653 Sappb.·ep.
1421 1569 1533 1633 inscri-

336 1696 444 1776 ptam:
465 1690 587 1779 Sapires
606 1691 754 1756 militenen
769 1693 900 1778 poeticae
907 1690 1047 1777 preclare
1058 1693 1102 1754 act
1120 1690 1281 1755 Plaonem
1301 1691 1427 1754 siculum
1442 1715 1532 1754 ama-

336 1825 433 1878 torem
467 1837 558 1876 snum
591 1814 721 1900 epistola
749 1813 885 1898 feliciter
919 1813 1036 1898 incipit.
1071 1810 1268 1894 Subscriptio
1304 1832 1369 1874 non
1404 1811 1530 1896 legitur.

337 1930 469 1998 Contuli
491 1933 571 2018 ipse.

382 2057 427 2142 a,)
452 2058 522 2120 cod.
543 2055 803 2120 Vindobonensis
824 2055 1048 2141 31113Ene1.
1069 2055 1255 2135 CXLVIII,
1277 2056 1429 2134 chartae,
1449 2078 1531 2120 saec.

336 2174 402 2241 XV
433 2174 647 2262 (Sedlmayer,
679 2175 776 2240 Proll.
801 2199 832 2260 p.
859 2176 926 2263 12),
958 2177 1126 2241 continens
1156 2178 1244 2241 uaria
1266 2179 1428 2242 uariorum
1453 2177 1532 2242 scri-

334 2301 464 2383 ptorum
483 2319 596 2382 opera,
614 2298 698 2362 inter
718 2321 799 2382 quae
820 2297 926 2363 Ouidii
945 2297 980 2362 A.
1006 2297 1057 2376 A.,
1080 2299 1169 2363 Item.
1190 2322 1263 2384 am,
1281 2299 1379 2376 Fast3
1392 2299 1531 2363 indicem

333 2419 369 2484 in
392 2419 506 2484 Fastos
530 2443 549 2484 a
570 2420 645 2486 Joh.
671 2419 867 2506 cuspiniano
891 2421 1087 2486 confectum:
1113 2422 1197 2486 inter
1221 2404 1316 2506 quem
1339 2421 1475 2484 indicam
1495 2422 1529 2484 et

337 2542 425 2607 Petri
454 2542 597 2628 Boponis
627 2544 787 2620 carmina,
811 2565 892 2627 quae
916 2543 1064 2608 ultimum
1089 2545 1239 2608 obtinent
1261 2544 1386 2620 locum,
1409 2543 1532 2606 inserta

336 2669 385 2730 est
415 2663 533 2748 Sappb.
567 2686 627 2749 ep,
659 2664 826 2749 inscripta:
859 2664 965 2752 Sopho
997 2679 1093 2730 nates
1108 2666 1279 2729 clarissima
1304 2667 1347 2728 ad
1369 2665 1532 2728 Phaonem

336 2785 474 2851 Siculam
498 2788 561 2850 aias
584 2799 773 2863 amatorem,
798 2786 992 2870 subscripta:
1014 2787 1103 2851 Finis
1128 2787 1252 2873 Sapires
1280 2785 1394 2851 Ouidii.
1422 2783 1529 2850 Colla-

335 2908 456 2972 tionem
492 2906 586 2971 huius
617 2907 707 2992 libri,
741 2909 788 2972 ita
820 2911 856 2972 ut
886 2919 918 2972 et
948 2929 1074 2984 eorum,
1106 2930 1187 2994 quos
1217 2908 1301 2972 infra
1333 2906 1531 2984 describam,

337 3052 382 3114 v9.
396 3051 438 3112 c,.
451 3055 481 3094 n.
495 3055 520 3107 ρ.
547 3029 645 3094 debeo
668 3030 789 3114 insigni
807 3051 883 3114 erga
903 3053 953 3094 me
969 3030 1211 3094 beneuolentiae
1230 3028 1425 3113 Sedlmayeri
1440 3027 1479 3091 V.
1491 3025 1530 3092 Ὀ.

382 3157 425 3234 119)
449 3151 517 3214 cod.
543 3150 802 3216 Vindobonensis
826 3152 931 3228 3160,
951 3152 1068 3236 partim
1089 3152 1279 3228 membran,
1299 3150 1417 3234 partim
1437 3149 1530 3214 char·

335 3275 407 3346 tac,
433 3293 511 3336 saec.
538 3271 603 3337 XV
628 3272 842 3358 (Sedlmayer,
866 3272 963 3336 Proll.
987 3296 1018 3357 p.
1048 3273 1112 3356 12),
1138 3273 1306 3337 continens
1327 3272 1415 3336 uaria
1435 3293 1531 3355 opera

335 3392 572 3476 qninquaginta
604 3392 679 3468 tria;
713 3393 799 3457 inter
829 3391 932 3457 Seruii
961 3393 996 3456 in
1028 3392 1125 3477 Verg.
1158 3396 1329 3457 comment.
1356 3392 1472 3476 fragm.
1498 3394 1531 3456 et

336 3513 506 3597 epistulam
542 3513 629 3578 loen.
662 3513 810 3597 Pegoloti
840 3517 880 3578 ad
910 3513 1113 3579 Dominicum
1145 3512 1347 3579 Cardinalem
1380 3517 1419 3577 de
1450 3515 1530 3578 sehi-

334 3638 435 3698 smate
459 3635 578 3718 scripta
598 3637 646 3699 est
664 3634 782 3719 Sappb.
804 3658 853 3720 ep.
874 3637 942 3700 sine
962 3637 1028 3700 ullo
1048 3637 1152 3700 titula.
1174 3635 1394 3720 Subscriptum
1416 3635 1444 3699 ei
1465 3639 1528 3700 est:

334 3755 474 3842 Eaplicit
496 3757 625 3842 epistola
649 3756 770 3843 Sophos
791 3761 921 3844 poeticae
943 3759 1096 3823 mutilene.

380 3877 422 3961 c,)
446 3877 514 3942 eod.
549 3875 794 3943 Cremifanensis
827 3880 910 3957 329,
942 3879 1092 3957 chartac,
1119 3902 1199 3947 saec.
1224 3880 1286 3945 XV
1312 3881 1525 3967 (Sedlmayer,

334 3995 433 4061 Proll.
458 4020 487 4081 p.
511 3999 579 4083 22),
593 4000 761 4064 continens
773 4001 862 4064 uaria
874 4001 1085 4065 recentiorum
1098 4023 1210 4086 opera,
1233 4006 1388 4067 tractatus
1400 4001 1529 4068 Aeneae

334 4115 425 4181 Siluii
456 4121 582 4183 tantum
605 4142 672 4184 non
695 4142 823 4198 omncs,
848 4126 880 4186 et
902 4122 957 4186 fol.
986 4121 1195 4188 reeb—2041)
1220 4123 1327 4189 Ouidii
1352 4125 1527 4204 HeroideS,

334 4260 413 4323 quas
444 4239 561 4324 excipit
592 4239 710 4326 Sappb.
742 4265 790 4326 ep.
825 4243 870 4307 sic
898 4244 1069 4328 inscripta:
1095 4245 1223 4332 Sappho
1247 4259 1331 4311 uates
1354 4249 1528 4313 clarissima

333 4362 376 4424 ad
399 4360 560 4426 Phaonem
583 4363 713 4427 siculum
735 4367 799 4428 eius
821 4378 1002 4431 amatorem.
1037 4365 1234 4451 Subscriptio
1260 4390 1326 4432 non
1350 4369 1479 4452 legitur.

378 4481 411 4559 k)
434 4480 503 4546 cod.
534 4483 569 4546 in
600 4483 702 4548 Musei
733 4484 927 4550 Brittannici
958 4486 1142 4552 collectione
1173 4486 1347 4553 Sloaniana
1378 4511 1411 4552 n.
1443 4490 1527 4570 777,

367 4641 392 4700 1)
411 4641 447 4691 Oi.
463 4641 652 4702 Jacobs-Ultori,
670 4642 686 4691 l.
705 4641 760 4694 1.1.
778 4659 802 4707 p.
820 4643 882 4704 2503
901 4645 959 4694 269.
977 4645 1027 4696 IlI.
1045 4662 1068 4710 p.
1087 4648 1120 4694 43
1137 4662 1188 4711 sqq.
