3380 5346
872 373 936 442 142

307 583 420 646 parum
450 560 651 646 proficiamus
678 560 771 626 docet
793 559 972 644 exemplum
995 557 1138 637 Lehrsii,
1164 559 1219 643 qui
1242 559 1306 624 illis
1328 560 1502 625 obstrictus

308 686 385 748 dum
411 683 493 747 uitat
516 681 667 760 humum,
693 682 794 747 nubes
817 686 850 747 et
860 682 971 746 inania
982 687 1134 767 captans,
1148 704 1259 747 omnes
1271 682 1336 747 fere
1348 682 1503 748 Heroides

305 805 486 870 indubitate
505 803 661 889 genuinas
682 805 722 868 ab
744 802 859 869 Ouidio
880 804 1059 869 abiudicare
1071 826 1137 868 non
1151 804 1330 869 uerebatur.
1355 804 1503 871 Praestat

307 928 450 1012 profecto
481 927 719 1012 comparatione
749 927 899 990 instituta
927 925 1074 1010 diligenti
1106 947 1177 990 cum
1200 925 1277 1010 ipsis
1302 924 1409 990 Ouidii
1432 947 1503 990 car-

308 1049 448 1114 minibus
479 1049 664 1134 dignoscere
695 1050 772 1134 quid
804 1049 940 1114 solidum
968 1051 1075 1132 crepet
1098 1052 1130 1112 et
1153 1047 1258 1133 pictae
1281 1050 1415 1113 tectoria
1438 1048 1503 1112 lin-

309 1191 400 1256 guae.
436 1168 506 1245 Qua
535 1171 572 1235 in
601 1193 635 1236 re
666 1171 751 1256 quod
782 1171 834 1235 hic
855 1171 922 1235 11110
946 1171 1101 1256 quaedam
1127 1169 1208 1234 uarii
1231 1169 1318 1234 docti
1340 1170 1502 1254 uitupera-

308 1296 387 1357 runt
409 1296 441 1358 01
464 1291 579 1357 Ouidio
603 1293 738 1357 adscribi
760 1314 852 1379 posue
874 1295 1089 1377 negarunt—
1104 1293 1142 1357 de
1165 1292 1204 1356 iis
1223 1291 1325 1357 fusius
1345 1313 1503 1377 exponere

310 1437 376 1480 nou
401 1437 481 1500 opus
504 1419 552 1480 001
575 1418 649 1500 post
672 1437 708 1480 ea
732 1437 812 1500 quae
836 1418 876 1480 ad
899 1415 1043 1500 singulos
1069 1437 1179 1480 uersus
1204 1416 1250 1502 (01
1274 1415 1411 1479 maxime
1431 1415 1503 1499 qni-

310 1537 381 1601 dem
407 1537 533 1604 1111100.
560 1538 598 1614 4,
624 1537 659 1614 7,
685 1537 743 1607 24,
771 1537 833 1614 49,
859 1537 919 1615 118,
945 1538 1005 1615 79,
1032 1538 1096 1616 93,
1123 1538 1201 1622 133)
1224 1537 1260 1601 11
1272 1536 1502 1602 commentario

310 1658 458 1724 diximus.
494 1656 623 1723 Etenim
648 1658 862 1744 argumentis
893 1659 928 1723 ni
951 1658 1063 1737 fallor,
1087 1658 1278 1724 firmissimis
1302 1662 1350 1723 001
1374 1659 1503 1723 demon·

309 1782 444 1845 stratum
469 1803 522 1846 eas
544 1781 782 1846 obseruationes
806 1779 999 1845 dubitationi
1019 1803 1129 1844 ansam
1149 1802 1216 1845 101
1235 1779 1386 1864 praebere
1406 1779 1503 1843 mini·

309 1925 422 1988 meque
455 1903 638 1968 confirmari
671 1903 709 1968 iis
744 1904 937 1968 sententiam
973 1903 1117 1968 Teuffelii
1160 1903 1331 1968 statuentis
1375 1923 1503 1967 carmen

310 2029 455 2091 nostrum
486 2029 617 2111 propior
640 2025 794 2090 sermonis
819 2025 1031 2090 rusticitatem
1055 2028 1088 2090 01
1111 2026 1196 2110 quod
1222 2045 1363 2110 eaquae
1387 2023 1504 2088 Ouidio

311 2147 378 2212 sint
399 2146 545 2231 propria,
569 2146 701 2212 ridicule
724 2146 858 2211 distorta
881 2145 927 2210 ibi
951 2147 1017 2211 sint
1041 2149 1072 2210 et
1096 2146 1287 2230 deprauata,
1309 2145 1504 2231 suspiciones

310 2267 427 2333 hebere
463 2268 634 2334 maximas!
670 2267 782 2333 Restat
817 2271 926 2333 tamen
960 2268 1112 2333 iudicium
1144 2267 1288 2333 omnium
1320 2267 1384 2332 fere
1407 2267 1504 2333 uehe-

311 2389 544 2455 mentissimum
588 2389 746 2455 Theodori
781 2390 876 2454 Birtii
911 2390 1122 2455 asseuerantis
1158 2411 1359 2455 »sermonem
1394 2389 1505 2474 putide

310 2511 460 2578 inflatum
490 2533 669 2597 uocumque
699 2535 736 2578 ac
766 2513 998 2578 sententiarum
1029 2513 1216 2578 iteratarum
1247 2511 1416 2577 artificium
1440 2511 1504 2575 fre-

311 2637 499 2719 quentatum
531 2656 629 2718 usque
662 2636 703 2697 ad
735 2634 876 2698 taedium
908 2636 1044 2699 clamare
1075 2634 1244 2719 epistulam
1277 2656 1344 2699 esse
1367 2633 1504 2699 subditi-

312 2754 426 2821 oiam''.
462 2754 563 2830 Quam
594 2757 786 2820 sententiam
816 2756 898 2821 tueri
928 2779 961 2821 se
992 2755 1167 2821 arbitratur
1198 2757 1248 2820 uir
1270 2759 1385 2821 doctus
1408 2775 1504 2840 argu·

312 2877 428 2942 mentis
453 2879 504 2941 sat
527 2877 651 2955 multis,
676 2898 757 2961 quae
780 2880 888 2943 tamen
912 2901 946 2942 re
969 2879 1146 2943 accuratius
1164 2881 1331 2964 perspecta
1351 2880 1391 2942 ad
1404 2898 1506 2962 pauca

312 2999 456 3066 redeunt.
493 2997 723 3084 Comprobasse
753 3000 838 3065 enim
869 3001 962 3066 nobis
990 3001 1135 3066 uidemur
1167 3023 1269 3086 neque
1293 3023 1339 3066 10.
1368 2999 1432 3064 153
1452 3001 1506 3086 pia

313 3120 498 3185 aduerbium
528 3143 619 3206 posse
651 3121 827 3201 offendere,
853 3144 956 3207 nequo
979 3145 1025 3188 10.
1050 3122 1114 3188 125
1137 3122 1173 3186 11
1196 3123 1368 3208 replenitur
1392 3142 1505 3184 nume-

312 3265 384 3307 rum
415 3244 569 3328 pluralem
600 3266 656 3310 suo
687 3266 782 3310 sensu
813 3266 936 3324 carcre,
967 3267 1069 3330 neque
1099 3244 1134 3308 in
1167 3267 1214 3312 10.
1249 3244 1309 3324 53,
1338 3244 1383 3309 010
1407 3247 1506 3308 utex
1560 3262 1562 3266 ’

313 3365 421 3430 codiee
441 3389 477 3451 p,
501 3366 621 3451 optime
644 3366 687 3432 sit
707 3367 911 3445 emendatus,
932 3367 1101 3451 quicquam
1114 3389 1181 3433 esse
1192 3366 1506 3452 reprehendendum,

314 3509 373 3552 100
393 3489 545 3574 procidua
565 3510 659 3574 901100
683 3488 744 3574 (10.
772 3488 848 3574 174)
873 3489 922 3553 101
949 3513 1005 3554 cru
1030 3489 1403 3575 0191101100101111101110.
1428 3489 1505 3574 132)

313 3609 525 3695 suspicionem
556 3631 683 3675 mouere
706 3631 900 3695 10000100
923 3611 1056 3676 10001010
1075 3623 1202 3698 pectora
1226 3635 1315 3676 mora
1340 3611 1401 3696 (us.
1426 3611 1506 3697 212)

313 3731 507 3798 locutionem
539 3755 605 3798 0000
635 3733 814 3798 ridiculam.
849 3730 1056 3798 Obtinuimus
1087 3754 1200 3817 porro,
1233 3732 1296 3797 1101
1325 3733 1433 3799 omnia
1455 3754 1507 3798 110

314 3853 450 3934 fallunt,
482 3877 529 3920 10.
556 3854 621 3921 153
645 3857 766 3921 01213
797 3855 998 3920 inexercitati
1025 3876 1092 3920 esse
1114 3857 1227 3940 poetae
1249 3853 1336 3919 haud
1359 3855 1505 3934 concedi,

315 3977 348 4041 01
370 3977 455 4060 quod
478 3976 513 4040 in
535 3999 583 4042 10.
611 3976 675 4044 154
699 3977 840 4041 uarietur
860 3973 935 4041 Am.
960 3975 1021 4043 HI.
1048 3976 1099 4043 12.
1126 3976 1186 4054 32,
1209 3975 1242 4040 id
1266 3998 1333 4041 non
1357 3998 1424 4042 esse
1449 3978 1506 4042 do·

315 4102 464 4163 cumento
491 4098 586 4190 illum
615 4101 744 4184 poetam
773 4119 839 4162 non
863 4098 957 4163 1111000
980 4097 1141 4163 Ouidium.
1180 4096 1272 4174 Quod
1297 4119 1373 4163 uero
1395 4101 1530 4164 001110·

315 4243 362 4287 11.
390 4221 452 4285 181
478 4220 614 4305 protulit
637 4219 725 4297 Birt,
750 4220 852 4305 chelyn
875 4219 1065 4284 uocabulum
1089 4219 1221 4284 anullo
1245 4224 1339 4304 poeta
1361 4220 1507 4285 Romano

316 4363 382 4408 0110
405 4342 601 4427 applicatum
626 4344 702 4406 ante
724 4339 894 4425 Senecam,
918 4341 1021 4426 primo
1044 4340 1077 4404 id
1094 4340 1199 4405 minus
1211 4344 1296 4406 recte
1308 4344 1356 4406 001
1368 4342 1506 4408 dictum:

316 4466 413 4552 ctelps
444 4465 529 4530 enim
559 4465 623 4528 iam
654 4465 752 4529 >ante
783 4462 957 4529 Senecam”
982 4463 1122 4548 (Terent.
1146 4464 1184 4528 dc
1208 4466 1299 4528 metr.
1327 4466 1424 4531 2136.
1449 4464 1507 4531 VI.

318 4588 383 4654 389
418 4586 474 4675 Κ.)
510 4607 569 4672 pro
603 4587 673 4673 lyra
707 4584 855 4650 adhibuit
889 4583 1085 4670 Pomponius
1108 4585 1172 4670 (ap.
1198 4585 1365 4665 Ribbeck,
1388 4587 1505 4673 fragm.
