3386 5346
158 620 250 705 gensi
280 619 358 685 bibl.
390 620 479 684 nullo
507 619 682 703 insignitus
706 640 857 703 numero,
883 618 1042 697 chartea,
1068 642 1148 686 saec.
1175 619 1256 706 XV,
1281 621 1354 686 dili-

159 747 272 827 genter
302 763 372 807 meo
402 744 517 827 rogatu
545 741 679 807 collatus
702 765 722 806 a
744 741 776 808 J.
801 739 947 807 Geffckio
971 743 1092 820 amico,
1116 743 1262 808 continet
1284 743 1355 810 Sal-

159 865 233 931 lust.
258 864 369 944 Catil,
395 886 523 931 carmen
547 869 586 931 de
611 865 757 944 hortulo,
782 868 822 930 de
843 865 969 930 Baccho
994 869 1026 930 et
1053 864 1197 945 Venere,
1221 867 1302 946 aha,
1324 870 1357 932 et

23 985 27 992 ’
159 987 228 1074 (fol.
255 987 585 1075 197-2071900011.
610 1010 660 1073 ep.
689 987 757 1053 sine
780 987 847 1052 ulla
870 987 1080 1072 inscriptione
1094 987 1131 1074 1).

201 1112 240 1197 p)
265 1113 333 1176 cod.
355 1109 517 1175 Parisinus
539 1110 626 1175 7989
648 1110 886 1196 (Tragurianus,
910 1111 948 1176 cf.
969 1109 1144 1175 Buecheler
1165 1112 1204 1175 ed
1225 1112 1357 1176 Petron.

159 1255 191 1317 p.
216 1230 331 1319 XVI.),
351 1232 490 1298 chartac.
511 1253 591 1296 saec.-
613 1230 692 1309 XV,
714 1233 860 1297 continet
879 1231 1015 1310 Tibulli,
1038 1231 1211 1315 Propertii,
1234 1231 1358 1297 Oatnlli

159 1353 316 1430 carmina,
353 1352 471 1440 Suppli.
505 1375 554 1438 ep.
587 1352 655 1439 (fol.
690 1354 882 1439 rao-184)
914 1355 948 1417 et
970 1353 1188 1438 fragmentum
1213 1354 1358 1420 Petronii

161 1474 405 1560 Tragurianum.
441 1473 588 1560 Sapphus
619 1474 773 1559 epistulae
802 1474 962 1559 praefixus
993 1479 1042 1540 est
1065 1476 1179 1541 titulus
1201 1476 1271 1541 hic:
1296 1475 1357 1540 So-

157 1597 238 1685 phos
272 1595 383 1662 Lesbio
417 1609 503 1661 aatcs
536 1599 579 1660 ad
609 1596 781 1662 Phaonem.
813 1620 850 1661 ca·
879 1600 996 1682 praecis
1028 1599 1061 1661 in
1092 1599 1208 1662 latinas
1239 1599 1358 1662 litteras

161 1741 252 1784 uersa
268 1741 328 1806 per
348 1718 507 1784 Nasonem
527 1717 756 1784 Srclmonensem
773 1731 808 1782 nt
823 1720 934 1804 ferant
953 1720 1095 1784 nonnulli
1112 1721 1241 1807 epistola
1253 1744 1357 1786 annea.

162 1838 359 1924 Subscriptio
383 1839 500 1924 legitur
522 1837 618 1903 haec:
643 1837 765 1926 Sophos
793 1837 882 1904 Vatis
902 1841 1055 1906 Mitilenee
1074 1843 1204 1928 epistola
1223 1843 1358 1930 aeplicit.

162 1957 374 2025 Collationem
405 1960 499 2024 huius
532 1959 605 2023 libri
628 1961 662 2024 et
684 1959 822 2024 Parisini
847 1960 933 2025 7997
959 1961 1058 2025 debeo
1083 1961 1243 2027 amicitiae
1273 1961 1300 2026 Ι.
1325 1962 1357 2028 S.

161 2080 302 2147 Hawesii
325 2082 404 2167 phil.
429 2085 525 2160 dact,
549 2081 679 2146 Parisiis
703 2103 806 2167 nuper
831 2082 986 2166 degentis.

204 2206 259 2293 p2)
291 2206 360 2270 cod.
392 2204 555 2269 Parisinus
588 2205 693 2282 7997,
724 2204 912 2282 membran,
944 2226 1024 2270 saec.
1050 2204 1115 2270 XV
1140 2206 1284 2271 exeuntis
1308 2206 1360 2272 uel

163 2325 247 2392 XVI
268 2325 484 2411 (Sedlmayer,
507 2326 605 2391 Proll.
632 2349 663 2410 p.
689 2327 735 2412 4),
756 2327 924 2391 continens
945 2325 1053 2392 Ouidii
1073 2326 1246 2405 Heroides,
1259 2327 1360 2392 Arna-

163 2471 232 2527 res,
256 2448 346 2526 Ibin,
372 2441 485 2512 Artem
509 2447 658 2525 amandi,
682 2447 843 2512 Remedia.
868 2447 958 2512 Inter
981 2447 1056 2512 Ibin
1077 2450 1110 2512 et
1127 2447 1168 2512 A.
1181 2448 1222 2512 A.
1242 2448 1361 2533 legitur

163 2569 283 2655 Sapph.
321 2592 381 2655 ep,
417 2570 587 2654 inscripta:
624 2569 752 2658 Sappho
788 2570 933 2648 Phaoni,
969 2568 1166 2655 subscripta:
1203 2578 1360 2636 TeAOC.

164 2692 262 2759 Hunc
292 2693 410 2758 librum
441 2691 659 2757 Mazarineum
690 2690 725 2757 (l.
752 2692 881 2776 Dilthey
907 2693 960 2778 (de
981 2691 1170 2758 Callimachi
1193 2690 1361 2777 Cydippe,

165 2838 197 2901 p.
235 2815 313 2902 135)
349 2817 485 2879 eundem
521 2837 587 2879 esse
619 2816 715 2900 putat
745 2836 782 2878 ac
814 2813 1040 2879 Sarrauianum
1074 2814 1193 2901 (Sonr.)
1225 2814 1361 2879 Heinsii.

166 2935 317 3001 Heinsius
336 2939 444 3000 tamen
463 2936 497 3000 in
521 2935 717 3021 praefatione
741 2939 782 3000 ad
806 2934 924 3021 Sapph.
952 2959 1001 3021 ep.
1026 2937 1111 3000 inter
1134 2916 1362 3001 Sarrauianuin

167 3061 200 3122 et
229 3058 445 3123 Manarineum
477 3059 592 3123 diserte
619 3059 805 3143 distinguit,
830 3059 1019 3142 saepiusque
1043 3058 1197 3123 lectiones
1221 3080 1300 3143 quas
1323 3080 1363 3122 ex

166 3180 205 3245 iis
240 3181 367 3259 attulit,
404 3181 585 3264 discrepant
620 3203 639 3244 a
669 3207 720 3267 p,.
756 3177 824 3244 Aut
857 3180 957 3264 igitur
980 3202 1120 3244 summae
1143 3181 1179 3244 in
1203 3182 1363 3244 adnotan-

168 3303 217 3367 dis
251 3303 347 3367 uariis
382 3301 572 3366 lectionibus
607 3301 829 3386 neglegentiae
864 3299 948 3364 foret
979 3304 1161 3387 arguendus
1192 3301 1362 3378 Heinsius,

169 3427 241 3503 aut,
277 3424 361 3508 quod
393 3444 452 3508 ega
484 3423 706 3508 praetulerim,
740 3422 881 3488 diuersos
913 3423 1024 3507 utique
1054 3445 1121 3488 esse
1145 3423 1217 3487 illos
1240 3423 1364 3489 codices

170 3547 347 3611 statuamus
382 3566 508 3610 necesse
542 3548 599 3609 est.
647 3543 795 3609 Fortasse
825 3544 1024 3609 Mazarineus
1055 3543 1180 3609 Heinsii
1212 3547 1261 3609 est
1293 3544 1363 3609 cod.

170 3665 270 3732 Paris.
298 3667 387 3731 8244
414 3687 495 3730 saec.
520 3664 595 3744 XV,
620 3687 715 3751 quem
738 3665 894 3750 inspicere
919 3666 998 3730 mihi
1022 3687 1089 3730 non
1114 3665 1261 3749 contigit.

218 3795 252 3867 y)
276 3787 345 3853 cod.
380 3785 589 3873 9011100009)
613 3785 671 3853 Ch.
696 3785 736 3850 A.
761 3810 795 3853 n.
822 3787 905 3862 717,
929 3787 1081 3871 chartae,
1106 3809 1158 3851 an.
1184 3783 1289 3862 1476,
1312 3783 1365 3847 in-

172 3910 222 3972 ter
250 3906 378 3973 Horatii
401 3907 443 3974 A.
467 3909 501 3974 P.
528 3911 561 3973 et
583 3909 795 3974 recentiorum
819 3911 985 3994 poetarum
1009 3908 1152 3973 carmina
1175 3905 1264 3970 uaria
1288 3927 1366 3970 con-

172 4029 255 4095 tinet
277 4029 334 4095 fol.
362 4031 402 4096 18
416 4053 483 4116 sqq.
520 4031 640 4116 Sapph.
665 4053 714 4115 ep.
737 4029 941 4114 inscriptam:
963 4028 1070 4117 Sopho
1089 4028 1202 4094 Lesbia
1221 4027 1367 4091 Mitilena

172 4155 215 4216 od
245 4152 407 4217 Phaonem
438 4153 581 4218 dilectam
612 4177 720 4230 snum,
753 4151 981 4236 subscriptam:
1006 4150 1095 4214 Finit
1109 4150 1273 4236 foeliciter.
1296 4146 1366 4211 Pol.

173 4303 365 4314 ——-..-—-—

207 4415 232 4474 1)
251 4413 328 4463 Primi
353 4414 434 4461 tamen
458 4411 573 4476 epistulae
595 4426 677 4460 uersus
700 4413 768 4459 erant
792 4409 874 4475 scripti
897 4408 946 4458 iam
963 4408 1004 4458 iol.
1026 4408 1088 4466 las,
1106 4406 1185 4472 ibique
1203 4407 1232 4455 ad
1251 4404 1367 4455 Ouidium

172 4495 257 4554 relati,
275 4498 303 4543 01
319 4509 362 4559 per
378 4492 473 4542 litteras
490 4509 527 4542 me
546 4493 626 4542 docuit
646 4494 667 4541 1.
687 4492 788 4541 Geffcke.

206 4577 287 4642 1)(11
312 4575 397 4625 Jacobs
420 4576 468 4625 und
491 4575 582 4634 Ukert,
608 4575 734 4640 Beitraege
756 4590 799 4624 zur
822 4572 878 4622 aclt.
896 4571 1046 4632 Litteratur,
1064 4587 1106 4621 000
1125 4571 1167 4619 dar
1184 4568 1323 4618 Bibliothck
1341 4567 1367 4617 in

172 4659 259 4710 Galba
278 4659 299 4709 I.
317 4675 341 4728 p.
360 4658 421 4719 2393
441 4658 533 4726 249sq.
