<?xml version="1.0" encoding="UTF-8"?>
<!DOCTYPE html PUBLIC "-//W3C//DTD XHTML 1.0 Transitional//EN"
    "http://www.w3.org/TR/xhtml1/DTD/xhtml1-transitional.dtd">
<html xmlns="http://www.w3.org/1999/xhtml" xml:lang="en" lang="en">
 <head>
  <title>
</title>
<meta http-equiv="Content-Type" content="text/html;charset=utf-8" />
  <meta name='ocr-system' content='tesseract 3.04.00' />
  <meta name='ocr-capabilities' content='ocr_page ocr_carea ocr_par ocr_line ocrx_word'/>
</head>
<body>
  <div class='ocr_page' id='page_1' title='image "./epistvlasapphvs00vriegoog_0016.png"; bbox 0 0 3386 5346; ppageno 0'>
   <div class='ocr_carea' id='block_1_1' title="bbox 488 1365 1019 1474">
    <p class='ocr_par' dir='ltr' id='par_1_1' title="bbox 488 1365 1019 1474">
     <span class='ocr_line' id='line_1_1' title="bbox 488 1365 1019 1474; baseline 0.009 -4"><span class='ocrx_word' id='word_1_1' title='bbox 488 1365 1019 1474; x_wconf 79' lang='lat' dir='ltr'>PROLHGOllllNA.</span> 
     </span>
    </p>
   </div>
   <div class='ocr_carea' id='block_1_2' title="bbox 199 1968 1346 2056">
    <p class='ocr_par' dir='ltr' id='par_1_2' title="bbox 199 1968 1346 2056">
     <span class='ocr_line' id='line_1_2' title="bbox 199 1968 1346 2056; baseline 0.001 -21"><span class='ocrx_word' id='word_1_2' title='bbox 199 1969 347 2054; x_wconf 78' lang='lat' dir='ltr'>Epistula</span> <span class='ocrx_word' id='word_1_3' title='bbox 380 1969 544 2055; x_wconf 84' lang='lat' dir='ltr'>Sapphus,</span> <span class='ocrx_word' id='word_1_4' title='bbox 579 1993 662 2056; x_wconf 90' lang='lat' dir='ltr'>quae</span> <span class='ocrx_word' id='word_1_5' title='bbox 695 1971 731 2035; x_wconf 92' lang='lat' dir='ltr'>in</span> <span class='ocrx_word' id='word_1_6' title='bbox 765 1970 958 2036; x_wconf 73' lang='lat' dir='ltr'>editionibus</span> <span class='ocrx_word' id='word_1_7' title='bbox 993 1968 1160 2034; x_wconf 87' lang='lat' dir='ltr'>Ouidianis</span> <span class='ocrx_word' id='word_1_8' title='bbox 1193 1969 1269 2034; x_wconf 89' lang='lat' dir='ltr'>inde</span> <span class='ocrx_word' id='word_1_9' title='bbox 1304 1970 1346 2036; x_wconf 89' lang='lat' dir='ltr'>ab</span> 
     </span>
    </p>
   </div>
   <div class='ocr_carea' id='block_1_3' title="bbox 17 2090 1346 2177">
    <p class='ocr_par' dir='ltr' id='par_1_3' title="bbox 17 2090 1346 2177">
     <span class='ocr_line' id='line_1_3' title="bbox 17 2090 1346 2177; baseline 0 -21"><span class='ocrx_word' id='word_1_10' title='bbox 17 2151 18 2168; x_wconf 15' lang='grc' dir='ltr'><strong>ξ</strong></span> <span class='ocrx_word' id='word_1_11' title='bbox 153 2091 286 2157; x_wconf 80' lang='lat' dir='ltr'>Heinsio</span> <span class='ocrx_word' id='word_1_12' title='bbox 321 2115 420 2177; x_wconf 89' lang='lat' dir='ltr'>usque</span> <span class='ocrx_word' id='word_1_13' title='bbox 450 2096 491 2157; x_wconf 93' lang='lat' dir='ltr'>ad</span> <span class='ocrx_word' id='word_1_14' title='bbox 520 2092 710 2158; x_wconf 85' lang='lat' dir='ltr'>Merkelium</span> <span class='ocrx_word' id='word_1_15' title='bbox 740 2092 888 2157; x_wconf 90' lang='lat' dir='ltr'>omnibus</span> <span class='ocrx_word' id='word_1_16' title='bbox 916 2092 1001 2157; x_wconf 82' lang='lat' dir='ltr'>inter</span> <span class='ocrx_word' id='word_1_17' title='bbox 1033 2090 1140 2156; x_wconf 89' lang='lat' dir='ltr'>Ouidii</span> <span class='ocrx_word' id='word_1_18' title='bbox 1170 2090 1346 2156; x_wconf 89' lang='lat' dir='ltr'>Heroidum</span> 
     </span>
    </p>
   </div>
   <div class='ocr_carea' id='block_1_4' title="bbox 17 2212 1346 2300">
    <p class='ocr_par' dir='ltr' id='par_1_4' title="bbox 17 2212 1346 2300">
     <span class='ocr_line' id='line_1_4' title="bbox 17 2212 1346 2300; baseline 0.002 -23"><span class='ocrx_word' id='word_1_19' title='bbox 17 2257 18 2288; x_wconf 43' lang='lat' dir='ltr'>f</span> <span class='ocrx_word' id='word_1_20' title='bbox 154 2213 306 2297; x_wconf 76' lang='lat' dir='ltr'>epistulas</span> <span class='ocrx_word' id='word_1_21' title='bbox 336 2213 455 2300; x_wconf 81' lang='lat' dir='ltr'>legitur</span> <span class='ocrx_word' id='word_1_22' title='bbox 477 2215 547 2279; x_wconf 88' lang='lat' dir='ltr'>loco</span> <span class='ocrx_word' id='word_1_23' title='bbox 571 2213 650 2293; x_wconf 86' lang='lat' dir='ltr'>XV,</span> <span class='ocrx_word' id='word_1_24' title='bbox 674 2215 710 2279; x_wconf 92' lang='lat' dir='ltr'>in</span> <span class='ocrx_word' id='word_1_25' title='bbox 733 2214 824 2278; x_wconf 91' lang='lat' dir='ltr'>nullo</span> <span class='ocrx_word' id='word_1_26' title='bbox 849 2214 1025 2279; x_wconf 89' lang='lat' dir='ltr'>carminum</span> <span class='ocrx_word' id='word_1_27' title='bbox 1049 2212 1157 2278; x_wconf 88' lang='lat' dir='ltr'>Ouidii</span> <span class='ocrx_word' id='word_1_28' title='bbox 1179 2213 1287 2278; x_wconf 85' lang='lat' dir='ltr'>codice</span> <span class='ocrx_word' id='word_1_29' title='bbox 1309 2235 1346 2279; x_wconf 90' lang='lat' dir='ltr'>eo</span> 
     </span>
    </p>
   </div>
   <div class='ocr_carea' id='block_1_5' title="bbox 155 2335 1347 2420">
    <p class='ocr_par' dir='ltr' id='par_1_5' title="bbox 155 2335 1347 2420">
     <span class='ocr_line' id='line_1_5' title="bbox 155 2335 1347 2420; baseline 0.001 -21"><span class='ocrx_word' id='word_1_30' title='bbox 155 2336 224 2420; x_wconf 92' lang='lat' dir='ltr'>ipso</span> <span class='ocrx_word' id='word_1_31' title='bbox 251 2337 321 2401; x_wconf 90' lang='lat' dir='ltr'>loco</span> <span class='ocrx_word' id='word_1_32' title='bbox 344 2337 521 2402; x_wconf 90' lang='lat' dir='ltr'>inuenitur.</span> <span class='ocrx_word' id='word_1_33' title='bbox 546 2337 587 2402; x_wconf 91' lang='lat' dir='ltr'>In</span> <span class='ocrx_word' id='word_1_34' title='bbox 610 2336 833 2412; x_wconf 84' lang='lat' dir='ltr'>uetustissimis</span> <span class='ocrx_word' id='word_1_35' title='bbox 857 2335 1049 2420; x_wconf 75' lang='lat' dir='ltr'>optimisque</span> <span class='ocrx_word' id='word_1_36' title='bbox 1072 2335 1164 2399; x_wconf 88' lang='lat' dir='ltr'>codd.</span> <span class='ocrx_word' id='word_1_37' title='bbox 1187 2335 1347 2400; x_wconf 90' lang='lat' dir='ltr'>omittitur</span> 
     </span>
    </p>
   </div>
   <div class='ocr_carea' id='block_1_6' title="bbox 155 2434 1346 2544">
    <p class='ocr_par' dir='ltr' id='par_1_6' title="bbox 155 2434 1346 2544">
     <span class='ocr_line' id='line_1_6' title="bbox 155 2434 1346 2544; baseline 0.001 -23"><span class='ocrx_word' id='word_1_38' title='bbox 155 2457 273 2542; x_wconf 89' lang='lat' dir='ltr'>(neque</span> <span class='ocrx_word' id='word_1_39' title='bbox 301 2458 387 2523; x_wconf 89' lang='lat' dir='ltr'>inter</span> <span class='ocrx_word' id='word_1_40' title='bbox 417 2458 571 2524; x_wconf 88' lang='lat' dir='ltr'>Heroides</span> <span class='ocrx_word' id='word_1_41' title='bbox 603 2480 672 2523; x_wconf 89' lang='lat' dir='ltr'>eam</span> <span class='ocrx_word' id='word_1_42' title='bbox 704 2434 822 2523; x_wconf 69' lang='lat' dir='ltr'>Graece</span> <span class='ocrx_word' id='word_1_43' title='bbox 852 2457 950 2522; x_wconf 90' lang='lat' dir='ltr'>uertit</span> <span class='ocrx_word' id='word_1_44' title='bbox 972 2455 1132 2521; x_wconf 80' lang='lat' dir='ltr'>Maximus</span> <span class='ocrx_word' id='word_1_45' title='bbox 1154 2456 1346 2544; x_wconf 87' lang='lat' dir='ltr'>Planudes)‚</span> 
     </span>
    </p>
   </div>
   <div class='ocr_carea' id='block_1_7' title="bbox 155 2577 1416 4610">
    <p class='ocr_par' dir='ltr' id='par_1_7' title="bbox 155 2577 1416 4610">
     <span class='ocr_line' id='line_1_7' title="bbox 155 2577 1347 2663; baseline 0.002 -22"><span class='ocrx_word' id='word_1_46' title='bbox 155 2578 190 2642; x_wconf 91' lang='lat' dir='ltr'>in</span> <span class='ocrx_word' id='word_1_47' title='bbox 221 2579 331 2643; x_wconf 87' lang='lat' dir='ltr'>multis</span> <span class='ocrx_word' id='word_1_48' title='bbox 362 2584 410 2644; x_wconf 89' lang='lat' dir='ltr'>est</span> <span class='ocrx_word' id='word_1_49' title='bbox 440 2584 496 2644; x_wconf 86' lang='lat' dir='ltr'>aut</span> <span class='ocrx_word' id='word_1_50' title='bbox 519 2580 630 2646; x_wconf 81' lang='lat' dir='ltr'>octaris</span> <span class='ocrx_word' id='word_1_51' title='bbox 651 2579 828 2644; x_wconf 87' lang='lat' dir='ltr'>Heroidum</span> <span class='ocrx_word' id='word_1_52' title='bbox 852 2578 997 2663; x_wconf 87' lang='lat' dir='ltr'>epistulis</span> <span class='ocrx_word' id='word_1_53' title='bbox 1020 2577 1209 2663; x_wconf 87' lang='lat' dir='ltr'>praemissa,</span> <span class='ocrx_word' id='word_1_54' title='bbox 1233 2581 1290 2643; x_wconf 92' lang='lat' dir='ltr'>aut</span> <span class='ocrx_word' id='word_1_55' title='bbox 1311 2578 1347 2643; x_wconf 92' lang='lat' dir='ltr'>in</span> 
     </span>
     <span class='ocr_line' id='line_1_8' title="bbox 156 2700 1348 2787; baseline -0.001 -22"><span class='ocrx_word' id='word_1_56' title='bbox 156 2700 274 2765; x_wconf 87' lang='lat' dir='ltr'>calcem</span> <span class='ocrx_word' id='word_1_57' title='bbox 299 2701 402 2785; x_wconf 86' lang='lat' dir='ltr'>operis</span> <span class='ocrx_word' id='word_1_58' title='bbox 428 2740 468 2748; x_wconf 95' lang='lat'><strong>—</strong></span> <span class='ocrx_word' id='word_1_59' title='bbox 494 2705 568 2786; x_wconf 82' lang='lat' dir='ltr'>port</span> <span class='ocrx_word' id='word_1_60' title='bbox 592 2700 750 2786; x_wconf 78' lang='lat' dir='ltr'>Cydippes</span> <span class='ocrx_word' id='word_1_61' title='bbox 774 2701 943 2787; x_wconf 85' lang='lat' dir='ltr'>epistulam</span> <span class='ocrx_word' id='word_1_62' title='bbox 965 2736 1006 2749; x_wconf 93' lang='lat'>-—</span> <span class='ocrx_word' id='word_1_63' title='bbox 1028 2700 1163 2777; x_wconf 86' lang='lat' dir='ltr'>reiecta,</span> <span class='ocrx_word' id='word_1_64' title='bbox 1185 2703 1240 2764; x_wconf 89' lang='lat' dir='ltr'>aut</span> <span class='ocrx_word' id='word_1_65' title='bbox 1259 2721 1348 2784; x_wconf 85' lang='lat' dir='ltr'>sepa·</span> 
     </span>
     <span class='ocr_line' id='line_1_9' title="bbox 156 2819 1348 2906; baseline -0.001 -20"><span class='ocrx_word' id='word_1_66' title='bbox 156 2823 251 2887; x_wconf 89' lang='lat' dir='ltr'>ratim</span> <span class='ocrx_word' id='word_1_67' title='bbox 286 2822 372 2886; x_wconf 89' lang='lat' dir='ltr'>inter</span> <span class='ocrx_word' id='word_1_68' title='bbox 402 2823 465 2887; x_wconf 88' lang='lat' dir='ltr'>alia</span> <span class='ocrx_word' id='word_1_69' title='bbox 496 2822 602 2887; x_wconf 91' lang='lat' dir='ltr'>Ouidii</span> <span class='ocrx_word' id='word_1_70' title='bbox 633 2823 791 2906; x_wconf 86' lang='lat' dir='ltr'>carmina,</span> <span class='ocrx_word' id='word_1_71' title='bbox 823 2821 957 2887; x_wconf 83' lang='lat' dir='ltr'>Amores</span> <span class='ocrx_word' id='word_1_72' title='bbox 988 2821 1125 2886; x_wconf 85' lang='lat' dir='ltr'>maxime</span> <span class='ocrx_word' id='word_1_73' title='bbox 1157 2824 1189 2886; x_wconf 85' lang='lat' dir='ltr'>et</span> <span class='ocrx_word' id='word_1_74' title='bbox 1219 2819 1348 2901; x_wconf 79' lang='lat' dir='ltr'>Festos,</span> 
     </span>
     <span class='ocr_line' id='line_1_10' title="bbox 157 2942 1350 3031; baseline -0.001 -22"><span class='ocrx_word' id='word_1_75' title='bbox 157 2944 293 3030; x_wconf 79' lang='lat' dir='ltr'>seripta3</span> <span class='ocrx_word' id='word_1_76' title='bbox 317 2966 410 3029; x_wconf 89' lang='lat' dir='ltr'>saepe</span> <span class='ocrx_word' id='word_1_77' title='bbox 434 2946 569 3031; x_wconf 88' lang='lat' dir='ltr'>denique</span> <span class='ocrx_word' id='word_1_78' title='bbox 591 2946 627 3009; x_wconf 93' lang='lat' dir='ltr'>in</span> <span class='ocrx_word' id='word_1_79' title='bbox 652 2945 812 3010; x_wconf 84' lang='lat' dir='ltr'>codicibus</span> <span class='ocrx_word' id='word_1_80' title='bbox 837 2944 916 3010; x_wconf 90' lang='lat' dir='ltr'>alius</span> <span class='ocrx_word' id='word_1_81' title='bbox 940 2944 1103 3029; x_wconf 89' lang='lat' dir='ltr'>scriptoris</span> <span class='ocrx_word' id='word_1_82' title='bbox 1125 2942 1232 3008; x_wconf 84' lang='lat' dir='ltr'>Latini</span> <span class='ocrx_word' id='word_1_83' title='bbox 1253 2964 1350 3027; x_wconf 84' lang='lat' dir='ltr'>opera</span> 
     </span>
     <span class='ocr_line' id='line_1_11' title="bbox 157 3065 1350 3150; baseline -0.002 -18"><span class='ocrx_word' id='word_1_84' title='bbox 157 3067 396 3133; x_wconf 88' lang='lat' dir='ltr'>continentibus</span> <span class='ocrx_word' id='word_1_85' title='bbox 419 3067 592 3133; x_wconf 88' lang='lat' dir='ltr'>inuenitur.</span> <span class='ocrx_word' id='word_1_86' title='bbox 628 3066 736 3132; x_wconf 90' lang='lat' dir='ltr'>Ouidii</span> <span class='ocrx_word' id='word_1_87' title='bbox 756 3072 861 3131; x_wconf 90' lang='lat' dir='ltr'>autem</span> <span class='ocrx_word' id='word_1_88' title='bbox 885 3067 1015 3131; x_wconf 90' lang='lat' dir='ltr'>nomine</span> <span class='ocrx_word' id='word_1_89' title='bbox 1038 3088 1105 3131; x_wconf 91' lang='lat' dir='ltr'>non</span> <span class='ocrx_word' id='word_1_90' title='bbox 1129 3069 1177 3131; x_wconf 85' lang='lat' dir='ltr'>est</span> <span class='ocrx_word' id='word_1_91' title='bbox 1195 3065 1350 3150; x_wconf 86' lang='lat' dir='ltr'>inscripta</span> 
     </span>
     <span class='ocr_line' id='line_1_12' title="bbox 157 3187 1350 3274; baseline 0.003 -23"><span class='ocrx_word' id='word_1_92' title='bbox 157 3189 220 3252; x_wconf 89' lang='lat' dir='ltr'>nisi</span> <span class='ocrx_word' id='word_1_93' title='bbox 250 3188 285 3251; x_wconf 89' lang='lat' dir='ltr'>iu</span> <span class='ocrx_word' id='word_1_94' title='bbox 316 3189 426 3274; x_wconf 89' lang='lat' dir='ltr'>paucis</span> <span class='ocrx_word' id='word_1_95' title='bbox 457 3210 538 3254; x_wconf 87' lang='lat' dir='ltr'>saec.</span> <span class='ocrx_word' id='word_1_96' title='bbox 568 3188 632 3255; x_wconf 84' lang='lat' dir='ltr'>XV</span> <span class='ocrx_word' id='word_1_97' title='bbox 664 3189 742 3274; x_wconf 82' lang='lat' dir='ltr'>Ms,</span> <span class='ocrx_word' id='word_1_98' title='bbox 774 3189 809 3253; x_wconf 91' lang='lat' dir='ltr'>in</span> <span class='ocrx_word' id='word_1_99' title='bbox 836 3188 995 3273; x_wconf 89' lang='lat' dir='ltr'>plerisque</span> <span class='ocrx_word' id='word_1_100' title='bbox 1018 3190 1056 3252; x_wconf 95' lang='lat' dir='ltr'>ut</span> <span class='ocrx_word' id='word_1_101' title='bbox 1078 3187 1178 3272; x_wconf 88' lang='lat' dir='ltr'>ipsius</span> <span class='ocrx_word' id='word_1_102' title='bbox 1201 3187 1350 3273; x_wconf 84' lang='lat' dir='ltr'>Sapphus</span> 
     </span>
     <span class='ocr_line' id='line_1_13' title="bbox 157 3308 1349 3376; baseline 0.001 -3"><span class='ocrx_word' id='word_1_103' title='bbox 157 3330 285 3373; x_wconf 88' lang='lat' dir='ltr'>carmen</span> <span class='ocrx_word' id='word_1_104' title='bbox 316 3311 544 3376; x_wconf 78' lang='lat' dir='ltr'>circumfertur.</span> <span class='ocrx_word' id='word_1_105' title='bbox 579 3311 618 3376; x_wconf 90' lang='lat' dir='ltr'>ln</span> <span class='ocrx_word' id='word_1_106' title='bbox 643 3311 836 3376; x_wconf 89' lang='lat' dir='ltr'>editionibus</span> <span class='ocrx_word' id='word_1_107' title='bbox 860 3331 935 3374; x_wconf 89' lang='lat' dir='ltr'>uero</span> <span class='ocrx_word' id='word_1_108' title='bbox 959 3309 1120 3374; x_wconf 89' lang='lat' dir='ltr'>ueteribus</span> <span class='ocrx_word' id='word_1_109' title='bbox 1142 3308 1218 3374; x_wconf 87' lang='lat' dir='ltr'>inde</span> <span class='ocrx_word' id='word_1_110' title='bbox 1241 3331 1260 3373; x_wconf 96' lang='lat' dir='ltr'>a</span> <span class='ocrx_word' id='word_1_111' title='bbox 1283 3309 1349 3374; x_wconf 92' lang='lat' dir='ltr'>Bo·</span> 
     </span>
     <span class='ocr_line' id='line_1_14' title="bbox 157 3429 1349 3517; baseline 0 -23"><span class='ocrx_word' id='word_1_112' title='bbox 157 3431 306 3495; x_wconf 88' lang='lat' dir='ltr'>noniensi</span> <span class='ocrx_word' id='word_1_113' title='bbox 335 3435 367 3496; x_wconf 89' lang='lat' dir='ltr'>et</span> <span class='ocrx_word' id='word_1_114' title='bbox 397 3432 544 3497; x_wconf 84' lang='lat' dir='ltr'>Romana</span> <span class='ocrx_word' id='word_1_115' title='bbox 574 3432 772 3517; x_wconf 87' lang='lat' dir='ltr'>principibus</span> <span class='ocrx_word' id='word_1_116' title='bbox 796 3433 862 3517; x_wconf 85' lang='lat' dir='ltr'>(an.</span> <span class='ocrx_word' id='word_1_117' title='bbox 889 3431 989 3517; x_wconf 80' lang='lat'>1471)</span> <span class='ocrx_word' id='word_1_118' title='bbox 1013 3452 1113 3515; x_wconf 89' lang='lat' dir='ltr'>usque</span> <span class='ocrx_word' id='word_1_119' title='bbox 1137 3430 1177 3494; x_wconf 86' lang='lat' dir='ltr'>ad</span> <span class='ocrx_word' id='word_1_120' title='bbox 1199 3429 1349 3495; x_wconf 90' lang='lat' dir='ltr'>Heinsia·</span> 
     </span>
     <span class='ocr_line' id='line_1_15' title="bbox 157 3552 1416 3637; baseline 0.001 -22"><span class='ocrx_word' id='word_1_121' title='bbox 157 3574 233 3616; x_wconf 91' lang='lat' dir='ltr'>nam</span> <span class='ocrx_word' id='word_1_122' title='bbox 264 3553 399 3637; x_wconf 87' lang='lat' dir='ltr'>primam</span> <span class='ocrx_word' id='word_1_123' title='bbox 422 3554 570 3619; x_wconf 88' lang='lat' dir='ltr'>omnibus</span> <span class='ocrx_word' id='word_1_124' title='bbox 593 3553 769 3618; x_wconf 89' lang='lat' dir='ltr'>Heroidum</span> <span class='ocrx_word' id='word_1_125' title='bbox 793 3573 925 3618; x_wconf 86' lang='lat' dir='ltr'>numero</span> <span class='ocrx_word' id='word_1_126' title='bbox 949 3553 1000 3617; x_wconf 93' lang='lat' dir='ltr'>uel</span> <span class='ocrx_word' id='word_1_127' title='bbox 1024 3552 1205 3636; x_wconf 86' lang='lat' dir='ltr'>praeposita</span> <span class='ocrx_word' id='word_1_128' title='bbox 1228 3555 1277 3616; x_wconf 88' lang='lat' dir='ltr'>est</span> <span class='ocrx_word' id='word_1_129' title='bbox 1298 3552 1350 3618; x_wconf 92' lang='lat' dir='ltr'>uel</span> <span class='ocrx_word' id='word_1_130' title='bbox 1413 3622 1416 3627; x_wconf 57' lang='grc'><strong>,</strong></span> 
     </span>
     <span class='ocr_line' id='line_1_16' title="bbox 157 3656 1348 3759; baseline 0.002 -22"><span class='ocrx_word' id='word_1_131' title='bbox 157 3675 345 3758; x_wconf 88' lang='lat' dir='ltr'>postposita.</span> <span class='ocrx_word' id='word_1_132' title='bbox 385 3674 456 3738; x_wconf 92' lang='lat' dir='ltr'>Hoc</span> <span class='ocrx_word' id='word_1_133' title='bbox 486 3676 581 3739; x_wconf 93' lang='lat' dir='ltr'>modo</span> <span class='ocrx_word' id='word_1_134' title='bbox 605 3696 677 3740; x_wconf 90' lang='lat' dir='ltr'>cum</span> <span class='ocrx_word' id='word_1_135' title='bbox 700 3675 742 3739; x_wconf 93' lang='lat' dir='ltr'>sit</span> <span class='ocrx_word' id='word_1_136' title='bbox 766 3674 947 3759; x_wconf 82' lang='lat' dir='ltr'>posteritati</span> <span class='ocrx_word' id='word_1_137' title='bbox 969 3656 1257 3758; x_wconf 50' lang='lat' dir='ltr'>tradita&#39;Sapphus</span> <span class='ocrx_word' id='word_1_138' title='bbox 1280 3674 1348 3759; x_wconf 91' lang='lat' dir='ltr'>epi·</span> 
     </span>
     <span class='ocr_line' id='line_1_17' title="bbox 158 3793 1348 3879; baseline -0.001 -19"><span class='ocrx_word' id='word_1_139' title='bbox 158 3796 258 3874; x_wconf 88' lang='lat' dir='ltr'>stula,</span> <span class='ocrx_word' id='word_1_140' title='bbox 289 3796 374 3860; x_wconf 87' lang='lat' dir='ltr'>haud</span> <span class='ocrx_word' id='word_1_141' title='bbox 402 3795 580 3860; x_wconf 86' lang='lat' dir='ltr'>mirandum</span> <span class='ocrx_word' id='word_1_142' title='bbox 605 3799 653 3860; x_wconf 90' lang='lat' dir='ltr'>est</span> <span class='ocrx_word' id='word_1_143' title='bbox 674 3795 843 3860; x_wconf 88' lang='lat' dir='ltr'>Heinsium</span> <span class='ocrx_word' id='word_1_144' title='bbox 868 3818 886 3859; x_wconf 90' lang='lat' dir='ltr'>a</span> <span class='ocrx_word' id='word_1_145' title='bbox 909 3795 1019 3859; x_wconf 88' lang='lat' dir='ltr'>multis</span> <span class='ocrx_word' id='word_1_146' title='bbox 1042 3816 1108 3859; x_wconf 85' lang='lat' dir='ltr'>esse</span> <span class='ocrx_word' id='word_1_147' title='bbox 1131 3793 1348 3879; x_wconf 89' lang='lat' dir='ltr'>uituperatum</span> 
     </span>
     <span class='ocr_line' id='line_1_18' title="bbox 157 3914 1347 4001; baseline -0.002 -20"><span class='ocrx_word' id='word_1_148' title='bbox 157 3920 244 4001; x_wconf 89' lang='lat' dir='ltr'>quod</span> <span class='ocrx_word' id='word_1_149' title='bbox 266 3920 385 3981; x_wconf 89' lang='lat' dir='ltr'>temere</span> <span class='ocrx_word' id='word_1_150' title='bbox 410 3954 451 3966; x_wconf 92' lang='lat'>-—</span> <span class='ocrx_word' id='word_1_151' title='bbox 475 3922 512 3982; x_wconf 92' lang='lat' dir='ltr'>ut</span> <span class='ocrx_word' id='word_1_152' title='bbox 535 3917 702 3981; x_wconf 84' lang='lat' dir='ltr'>uidebatur</span> <span class='ocrx_word' id='word_1_153' title='bbox 727 3954 767 3965; x_wconf 90' lang='lat'>-</span> <span class='ocrx_word' id='word_1_154' title='bbox 792 3916 840 3980; x_wconf 91' lang='lat' dir='ltr'>illi</span> <span class='ocrx_word' id='word_1_155' title='bbox 860 3914 922 3981; x_wconf 86' lang='lat' dir='ltr'>XV</span> <span class='ocrx_word' id='word_1_156' title='bbox 942 3917 1047 3980; x_wconf 91' lang='lat' dir='ltr'>locum</span> <span class='ocrx_word' id='word_1_157' title='bbox 1065 3915 1151 3980; x_wconf 90' lang='lat' dir='ltr'>inter</span> <span class='ocrx_word' id='word_1_158' title='bbox 1170 3915 1347 3980; x_wconf 88' lang='lat' dir='ltr'>Heroidum</span> 
     </span>
     <span class='ocr_line' id='line_1_19' title="bbox 156 4036 1348 4123; baseline -0.001 -21"><span class='ocrx_word' id='word_1_159' title='bbox 156 4037 309 4123; x_wconf 87' lang='lat' dir='ltr'>epistulas</span> <span class='ocrx_word' id='word_1_160' title='bbox 328 4038 529 4122; x_wconf 80' lang='lat' dir='ltr'>assignasset.</span> <span class='ocrx_word' id='word_1_161' title='bbox 561 4036 683 4103; x_wconf 81' lang='lat' dir='ltr'>iniuria</span> <span class='ocrx_word' id='word_1_162' title='bbox 702 4059 777 4103; x_wconf 88' lang='lat' dir='ltr'>uero</span> <span class='ocrx_word' id='word_1_163' title='bbox 796 4039 918 4123; x_wconf 88' lang='lat' dir='ltr'>primus</span> <span class='ocrx_word' id='word_1_164' title='bbox 935 4038 981 4103; x_wconf 93' lang='lat' dir='ltr'>sic</span> <span class='ocrx_word' id='word_1_165' title='bbox 999 4037 1109 4102; x_wconf 85' lang='lat' dir='ltr'>iecisse</span> <span class='ocrx_word' id='word_1_166' title='bbox 1122 4036 1238 4102; x_wconf 89' lang='lat' dir='ltr'>dicitur</span> <span class='ocrx_word' id='word_1_167' title='bbox 1248 4037 1348 4121; x_wconf 84' lang='lat' dir='ltr'>uulgo</span> 
     </span>
     <span class='ocr_line' id='line_1_20' title="bbox 157 4158 1347 4245; baseline -0.003 -21"><span class='ocrx_word' id='word_1_168' title='bbox 157 4158 308 4224; x_wconf 88' lang='lat' dir='ltr'>Nicoleus</span> <span class='ocrx_word' id='word_1_169' title='bbox 330 4159 498 4237; x_wconf 88' lang='lat' dir='ltr'>Heinsius,</span> <span class='ocrx_word' id='word_1_170' title='bbox 522 4158 631 4224; x_wconf 88' lang='lat' dir='ltr'>Ouidii</span> <span class='ocrx_word' id='word_1_171' title='bbox 652 4159 707 4224; x_wconf 87' lang='lat' dir='ltr'>ille</span> <span class='ocrx_word' id='word_1_172' title='bbox 730 4180 805 4224; x_wconf 85' lang='lat' dir='ltr'>uere</span> <span class='ocrx_word' id='word_1_173' title='bbox 828 4160 1016 4245; x_wconf 82' lang='lat' dir='ltr'>sospitator3</span> <span class='ocrx_word' id='word_1_174' title='bbox 1039 4158 1104 4223; x_wconf 92' lang='lat' dir='ltr'>iam</span> <span class='ocrx_word' id='word_1_175' title='bbox 1127 4159 1212 4222; x_wconf 91' lang='lat' dir='ltr'>enim</span> <span class='ocrx_word' id='word_1_176' title='bbox 1234 4158 1267 4222; x_wconf 92' lang='lat' dir='ltr'>in</span> <span class='ocrx_word' id='word_1_177' title='bbox 1280 4158 1347 4222; x_wconf 86' lang='lat' dir='ltr'>edi-</span> 
     </span>
     <span class='ocr_line' id='line_1_21' title="bbox 156 4278 1347 4366; baseline -0.002 -21"><span class='ocrx_word' id='word_1_178' title='bbox 156 4281 243 4346; x_wconf 89' lang='lat' dir='ltr'>tione</span> <span class='ocrx_word' id='word_1_179' title='bbox 279 4279 386 4345; x_wconf 90' lang='lat' dir='ltr'>Ouidii</span> <span class='ocrx_word' id='word_1_180' title='bbox 420 4281 597 4345; x_wconf 80' lang='lat' dir='ltr'>carminum</span> <span class='ocrx_word' id='word_1_181' title='bbox 631 4280 833 4345; x_wconf 84' lang='lat' dir='ltr'>leeuiriana</span> <span class='ocrx_word' id='word_1_182' title='bbox 863 4281 984 4366; x_wconf 88' lang='lat' dir='ltr'>prima,</span> <span class='ocrx_word' id='word_1_183' title='bbox 1016 4279 1190 4346; x_wconf 85' lang='lat' dir='ltr'>aDaniele</span> <span class='ocrx_word' id='word_1_184' title='bbox 1213 4278 1347 4344; x_wconf 90' lang='lat' dir='ltr'>Heinsio</span> 
     </span>
     <span class='ocr_line' id='line_1_22' title="bbox 157 4401 1347 4484; baseline -0.003 -17"><span class='ocrx_word' id='word_1_185' title='bbox 157 4425 209 4468; x_wconf 90' lang='lat' dir='ltr'>an.</span> <span class='ocrx_word' id='word_1_186' title='bbox 236 4403 323 4467; x_wconf 88' lang='grc'>1629</span> <span class='ocrx_word' id='word_1_187' title='bbox 348 4405 476 4481; x_wconf 84' lang='lat' dir='ltr'>curata,</span> <span class='ocrx_word' id='word_1_188' title='bbox 499 4425 571 4467; x_wconf 89' lang='lat' dir='ltr'>cum</span> <span class='ocrx_word' id='word_1_189' title='bbox 595 4403 751 4468; x_wconf 83' lang='lat' dir='ltr'>decimum</span> <span class='ocrx_word' id='word_1_190' title='bbox 776 4402 889 4467; x_wconf 87' lang='lat' dir='ltr'>aetatis</span> <span class='ocrx_word' id='word_1_191' title='bbox 908 4425 1030 4466; x_wconf 90' lang='lat' dir='ltr'>annum</span> <span class='ocrx_word' id='word_1_192' title='bbox 1054 4401 1198 4466; x_wconf 90' lang='lat' dir='ltr'>nondum</span> <span class='ocrx_word' id='word_1_193' title='bbox 1221 4402 1347 4484; x_wconf 82' lang='lat' dir='ltr'>ingres·</span> 
     </span>
     <span class='ocr_line' id='line_1_23' title="bbox 157 4521 1347 4610; baseline -0.006 -19"><span class='ocrx_word' id='word_1_194' title='bbox 157 4548 209 4591; x_wconf 94' lang='lat' dir='ltr'>sus</span> <span class='ocrx_word' id='word_1_195' title='bbox 240 4530 321 4591; x_wconf 89' lang='lat' dir='ltr'>esset</span> <span class='ocrx_word' id='word_1_196' title='bbox 351 4525 436 4590; x_wconf 92' lang='lat' dir='ltr'>filius</span> <span class='ocrx_word' id='word_1_197' title='bbox 459 4525 626 4609; x_wconf 69' lang='lat' dir='ltr'>Nicotaus,</span> <span class='ocrx_word' id='word_1_198' title='bbox 651 4526 740 4590; x_wconf 90' lang='lat' dir='ltr'>illum</span> <span class='ocrx_word' id='word_1_199' title='bbox 765 4526 869 4610; x_wconf 91' lang='lat' dir='ltr'>ipsum</span> <span class='ocrx_word' id='word_1_200' title='bbox 892 4525 999 4589; x_wconf 89' lang='lat' dir='ltr'>locum</span> <span class='ocrx_word' id='word_1_201' title='bbox 1022 4523 1175 4608; x_wconf 87' lang='lat' dir='ltr'>epistulae</span> <span class='ocrx_word' id='word_1_202' title='bbox 1199 4521 1347 4606; x_wconf 84' lang='lat' dir='ltr'>Sapphus</span> 
     </span>
    </p>
   </div>
   <div class='ocr_carea' id='block_1_8' title="bbox 158 4644 1349 4820">
    <p class='ocr_par' dir='ltr' id='par_1_8' title="bbox 158 4644 1349 4820">
     <span class='ocr_line' id='line_1_24' title="bbox 158 4644 1349 4735; baseline -0.006 -22"><span class='ocrx_word' id='word_1_203' title='bbox 158 4651 269 4714; x_wconf 88' lang='lat' dir='ltr'>datum</span> <span class='ocrx_word' id='word_1_204' title='bbox 296 4671 367 4735; x_wconf 18' lang='lat' dir='ltr'>*esse</span> <span class='ocrx_word' id='word_1_205' title='bbox 397 4649 549 4713; x_wconf 82' lang='lat' dir='ltr'>uidemus.</span> <span class='ocrx_word' id='word_1_206' title='bbox 583 4647 651 4714; x_wconf 88' lang='lat' dir='ltr'>Nec</span> <span class='ocrx_word' id='word_1_207' title='bbox 680 4650 788 4712; x_wconf 89' lang='lat' dir='ltr'>tamen</span> <span class='ocrx_word' id='word_1_208' title='bbox 820 4669 895 4712; x_wconf 86' lang='lat' dir='ltr'>casu</span> <span class='ocrx_word' id='word_1_209' title='bbox 917 4646 1056 4731; x_wconf 90' lang='lat' dir='ltr'>quodam</span> <span class='ocrx_word' id='word_1_210' title='bbox 1079 4645 1199 4710; x_wconf 85' lang='lat' dir='ltr'>factum</span> <span class='ocrx_word' id='word_1_211' title='bbox 1221 4664 1288 4708; x_wconf 88' lang='lat' dir='ltr'>csse</span> <span class='ocrx_word' id='word_1_212' title='bbox 1310 4644 1349 4707; x_wconf 90' lang='lat' dir='ltr'>ut</span> 
     </span>
     <span class='ocr_line' id='line_1_25' title="bbox 1233 4765 1248 4820; baseline 0 0"><span class='ocrx_word' id='word_1_213' title='bbox 1233 4765 1248 4820; x_wconf 91' lang='grc'>1</span> 
     </span>
    </p>
   </div>
   <div class='ocr_carea' id='block_1_9' title="bbox 0 0 1703 5346">
    <p class='ocr_par' dir='ltr' id='par_1_9' title="bbox 0 0 1703 5346">
     <span class='ocr_line' id='line_1_26' title="bbox 0 0 1703 5346; baseline 0 0"><span class='ocrx_word' id='word_1_214' title='bbox 0 0 1703 5346; x_wconf 95' lang='lat' dir='ltr'> </span> 
     </span>
    </p>
   </div>
  </div>
 </body>
</html>
