3380 5346
743 407 806 471 147

176 591 321 657 traham:
359 590 441 657 (lum
464 592 612 676 Sapphus
636 594 791 678 quaedam
814 592 950 676 epistula
973 591 1014 655 ab
1038 591 1153 656 Ouidio
1178 591 1220 654 sit
1243 593 1370 676 scripta,

177 715 215 777 ut
238 713 305 798 ipse
330 713 445 778 diserte
468 716 604 778 testatur
627 713 700 779 Am.
726 713 770 778 II.
798 716 848 781 18.
876 715 937 790 26,
963 734 1097 797 cumque
1118 734 1155 776 ea
1176 735 1271 797 quam
1285 736 1372 778 nunc

175 833 329 897 habemus
361 855 433 898 cum
466 855 502 898 eo
532 834 621 919 ipso,
646 836 732 920 quod
755 857 830 900 suae
853 834 1007 919 epistulae
1029 834 1192 918 proprium
1218 834 1374 899 indicauit

178 953 331 1040 Ouidius,
365 955 485 1040 optime
510 961 668 1040 congruat
690 957 778 1042 (Am.
805 955 848 1023 ΙΙ.
875 958 927 1022 18.
954 957 1028 1041 34),
1053 978 1187 1040 cumque
1210 979 1247 1022 ea
1271 979 1373 1041 neque

177 1080 212 1144 in
244 1076 424 1162 argumenti
455 1077 653 1162 expositione
686 1100 789 1162 neque
816 1077 851 1141 in
874 1078 968 1141 rebus
993 1077 1209 1162 grammaticis
1233 1080 1284 1143 uel
1308 1101 1375 1143 me-
1444 1165 1447 1172 Δ

178 1198 267 1264 tricis
290 1221 309 1262 a
332 1198 480 1283 genuinis
503 1198 643 1265 Nasonis
667 1199 810 1284 epistulis
838 1198 993 1282 discrepet
1017 1199 1079 1262 uisi
1102 1199 1210 1282 paucis
1221 1200 1255 1262 in
1268 1201 1373 1279 rebus,

179 1343 258 1407 quas
288 1320 323 1385 in
351 1321 465 1386 misero
489 1321 634 1387 codicum
658 1325 744 1386 statu
771 1320 909 1384 librariis
932 1321 1039 1405 potius
1063 1343 1159 1404 quam
1179 1321 1239 1405 ipsi
1262 1325 1375 1405 poetae

110 1535 112 1538 Ι
178 1443 364 1527 imputaris,
397 1465 538 1528 quasque
565 1445 622 1507 aut
652 1444 715 1507 iarn
742 1442 823 1507 uarii
846 1443 933 1507 docti
956 1464 994 1506 ex
1019 1443 1200 1507 coniectura
1224 1445 1374 1507 emenda-

179 1568 273 1643 runt,
305 1567 362 1629 aut
391 1565 614 1630 emendatione
646 1565 780 1629 omnino
811 1565 955 1649 indigere
987 1567 1131 1641 constat,
1165 1564 1268 1628 multa
1297 1587 1372 1630 uero

177 1687 326 1752 exhibeat
358 1687 470 1771 pulcra
502 1689 535 1750 et
566 1687 729 1770 eleganter
760 1686 844 1750 diota
876 1686 1055 1770 multasque
1080 1686 1171 1750 nobis
1196 1689 1303 1750 tradat
1325 1709 1376 1751 res

179 1808 307 1873 aliunde
329 1809 457 1892 ignotas
471 1847 511 1856 —
526 1807 559 1871 id
583 1808 666 1893 quod
691 1807 732 1871 ab
755 1808 824 1892 ipso
849 1807 964 1872 Ouidio
986 1807 1160 1891 exspectari
1182 1810 1374 1892 poterat-‚

179 1930 234 2015 qui
256 1931 385 1995 tandem
409 1931 565 2015 possimus
590 1934 728 1993 statuere
753 1951 821 1992 eam
846 1952 911 1995 non
939 1951 1004 1993 esse
1028 1927 1159 1993 Ouidii?
1180 1927 1260 1994 Cum
1281 1952 1373 2014 prae-

180 2051 289 2116 sertim
320 2062 474 2136 appareat
504 2054 555 2137 (ex
586 2049 664 2115 Exo.
699 2051 813 2136 Paris.)
847 2073 916 2114 eam
946 2049 1010 2113 iam
1042 2051 1096 2114 diu
1121 2055 1195 2114 ante
1220 2055 1374 2128 aetatem,

180 2197 243 2260 qua
266 2177 389 2240 codices
406 2174 498 2239 nobis
521 2174 591 2238 noti
613 2173 734 2238 fuerint
752 2173 879 2257 scripti,
899 2173 933 2236 in
948 2173 1054 2236 codice
1066 2173 1204 2256 quodam
1218 2172 1375 2239 Ouidiano

179 2296 264 2360 inter
289 2295 444 2360 Heroides
468 2295 571 2360 locum
598 2294 660 2360 XV
685 2294 879 2377 obtinuisse,
904 2293 1028 2358 saeculo
1049 2297 1155 2358 autem
1175 2293 1221 2358 IV
1243 2298 1274 2357 et
1294 2294 1376 2359 Mar.

180 2416 287 2483 Plotio
317 2417 479 2513 Sacerdoti
510 2421 560 2494 et,
595 2417 630 2479 ni
665 2415 776 2493 fallor,
813 2415 955 2480 Ausonio
988 2418 1025 2479 ut
1057 2413 1247 2480 Ouidiauam
1279 2414 1376 2479 fuisse
1418 2448 1420 2453 ·

183 2540 309 2623 notam,
340 2539 438 2603 immo
470 2540 597 2603 constet
625 2560 693 2602 eam
720 2559 783 2602 non
808 2537 854 2600 ita
879 2535 980 2600 multo
1005 2539 1078 2620 post
1102 2534 1208 2600 Ouidii
1232 2538 1375 2622 tempora

182 2658 291 2724 sedulo
323 2658 498 2726 lectitatam
533 2681 599 2724 esse
630 2681 649 2723 a
679 2663 775 2743 poeta
805 2658 860 2742 qui
896 2657 1154 2723 Consolationem
1186 2659 1312 2743 scripsit
1336 2661 1376 2724 ad

182 2781 317 2849 Liuiam.
352 2782 423 2847 Nisi
446 2782 528 2847 forte
552 2782 745 2846 arbitramur
765 2781 828 2844 iam
852 2780 997 2864 proxima
1018 2785 1090 2864 post
1109 2779 1258 2846 Ouidium
1272 2785 1374 2848 aetate

181 2904 278 2968 alium
310 2911 437 2989 poetam
469 2905 649 2989 quempiam
674 2904 739 2968 eius
763 2925 842 2988 opus
867 2902 963 2968 fuisse
986 2904 1162 2979 imitatum,
1188 2904 1284 2988 idque
1308 2927 1375 2970 non

182 3027 283 3091 solum
317 3030 411 3091 modo
443 3027 552 3090 multis
577 3025 761 3090 nominibus
783 3029 849 3089 tam
875 3025 1029 3109 eleganti,
1056 3048 1165 3090 uerum
1191 3027 1285 3090 etiam
1310 3049 1375 3091 ser-

182 3148 263 3212 uatis
295 3147 459 3211 nonnullis
490 3147 583 3211 rebus
611 3169 692 3230 quac
716 3147 814 3231 ipsius
838 3146 977 3211 Nasonis
1001 3148 1135 3211 carmini
1157 3148 1277 3213 fuerint
1300 3170 1376 3233 pro-

182 3268 279 3352 priae.
323 3266 392 3332 Nec
427 3268 569 3352 profecto
608 3271 715 3353 posset
749 3268 901 3352 explicari
932 3272 1090 3352 quomodo
1126 3269 1286 3333 subditiua
1319 3271 1377 3334 illa

183 3389 320 3474 epistula
352 3394 478 3474 postea,
512 3411 583 3453 cum
616 3389 829 3454 intercidisset
861 3390 1019 3474 genuina,
1052 3392 1086 3454 in
1114 3390 1289 3456 Heroidum
1315 3416 1376 3456 nu-

184 3535 304 3577 merum
327 3513 423 3578 fuerit
446 3515 590 3596 recepta,
615 3516 652 3575 ut
676 3514 759 3576 certe
784 3516 910 3596 recepta
925 3511 1011 3602 haec
1034 3516 1144 3576 nostra
1168 3517 1225 3577 est.

227 3635 345 3712 Quodsi
380 3634 517 3719 denique
552 3635 623 3698 miri
645 3634 731 3699 illius
755 3634 861 3711 modi,
885 3655 947 3718 quo
972 3635 1108 3719 epistula
1129 3637 1222 3701 nobis
1242 3639 1291 3702 est
1310 3658 1375 3700 ser-

183 3762 275 3837 uato,
301 3760 420 3845 optime
445 3780 612 3843 possumus
636 3758 709 3821 dare
732 3757 889 3822 rationem
915 3761 1188 3824 statuentes-ut
1210 3759 1245 3822 in
1265 3758 1376 3824 Prole·

185 3900 345 3964 gomenon
375 3881 469 3945 initio
504 3879 637 3964 exposui
675 3917 712 3926 ·-
753 3877 899 3962 Sapphus
938 3878 1124 3963 epistulam,
1158 3903 1229 3944 cum
1263 3881 1376 3948 ultima

184 4005 265 4066 esset
300 4023 408 4064 earnm
443 4002 652 4087 epistularum
688 4023 768 4085 quae
806 4000 1002 4066 »Heroides’
1039 4003 1166 4087 proprie
1202 4008 1375 4082 nocentur,

183 4123 271 4188 facili
295 4124 424 4207 negotio
449 4145 486 4188 ex
506 4124 667 4188 codicibus
689 4123 830 4187 excidere
843 4125 876 4187 et
887 4124 1057 4209 separatim
1070 4125 1232 4209 scriptoris
1246 4127 1376 4190 nomine

184 4267 250 4310 non
281 4246 439 4310 munitam
471 4246 665 4310 circumferri
695 4245 854 4329 potuisse,
885 4266 949 4309 nou
973 4246 1036 4309 iam
1061 4268 1172 4310 uereor
1196 4269 1236 4310 ne
1261 4248 1376 4311 nimiae

183 4369 386 4452 arrogantiae
415 4369 595 4452 arguendus
621 4367 746 4440 uidear,
772 4366 826 4429 ubi
851 4365 973 4429 affirmo
997 4367 1082 4432 hanc
1104 4369 1204 4452 ipsam
1229 4367 1377 4452 Sapphus

185 4493 355 4576 epistulam
379 4512 476 4574 quam
497 4488 590 4553 hodie
614 4489 787 4551 habeamus
811 4510 877 4552 esse
901 4489 1077 4572 genuinum
1103 4487 1209 4553 Ouidii
1234 4511 1322 4573 opus

669 4655 865 4669 ...ἒ-
