3380 5346
736 743 838 820 XIX.

235 1008 313 1074 Tab.
338 1007 478 1072 Bantina
502 1030 546 1071 us.
578 1007 634 1070 12:
671 1006 711 1070 In
734 1005 858 1091 suaopis
880 1006 954 1071 ionc
978 1007 1069 1072 fortis
1093 1008 1383 1076 meddismoltaum

189 1131 296 1220 hprest
327 1132 386 1216 (Et
416 1134 513 1218 siquis
541 1153 610 1196 eum
640 1128 733 1194 fortis
765 1133 968 1215 mcpcstnctas
999 1133 1133 1198 multare
1157 1135 1251 1220 nolet)
1278 1155 1417 1222 conns

191 1257 224 1317 et
253 1275 271 1317 e
301 1253 381 1336 legis
405 1253 564 1317 sententia
584 1255 616 1316 et
640 1274 657 1316 e
681 1252 829 1317 uocabuli
852 1251 956 1316 forma
979 1253 1073 1318 alitor
1098 1254 1251 1338 explicari
1277 1257 1389 1340 nequit

189 1397 287 1459 quam
309 1396 366 1458 per
389 1374 541 1439 Latinum
557 1375 689 1460 fortine.
715 1373 929 1460 (Buecheler).

751 1623 832 1697 XX.

236 1886 419 1971 Appellatio
447 1899 556 1973 potres
586 1887 751 1973 conscripti
779 1908 799 1949 a
831 1885 872 1952 V.
903 1883 951 1951 01.
981 1885 1129 1950 Willems
1155 1889 1239 1951 recte
1261 1886 1307 1950 ita
1330 1908 1384 1951 ex·

190 2009 344 2094 plicatur,
378 2012 415 2072 ut
439 2029 505 2072 non
529 2008 571 2072 sit
590 2022 699 2096 potres
722 2009 963 2095 conscriptique,
987 2007 1042 2071 sed
1061 2021 1170 2093 patres
1192 2008 1274 2093 (atto
1298 2031 1384 2072 acnu-

192 2132 285 2217 torio)
308 2134 483 2219 conscripti.

739 2380 840 2455 XXI.

235 2641 285 2706 Ex
320 2640 384 2708 cic.
420 2641 506 2707 Lael.
540 2641 614 2706 VII.
645 2642 706 2707 24:
739 2644 883 2706 »stantes
918 2642 1117 2727 plaudebant
1151 2641 1185 2706 in
1222 2605 1256 2705 re
1287 2639 1386 2705 fiota''

190 2763 295 2828 minus
324 2767 409 2829 recte
433 2763 567 2829 efficitur
591 2764 753 2830 Romanos
777 2764 833 2828 illa
857 2767 961 2829 aetate
984 2767 1123 2841 stantes,
1149 2785 1215 2828 non
1240 2763 1385 2828 sedentes

191 2886 378 2970 spectaculis
401 2885 592 2952 interfuisse.
947 2875 949 2879 ⁸

729 3133 851 3208 XXII.

236 3394 396 3482 Imagines
429 3395 542 3464 leuiter
576 3398 704 3461 tantum
740 3397 837 3462 rubro
871 3398 976 3464 colore
1009 3397 1183 3462 delineatas
1215 3397 1250 3461 in
1280 3396 1386 3484 lapide

198 3517 366 3601 sepulcrali
399 3517 501 3582 Musei
534 3517 696 3584 Leidensis
731 3518 757 3583 Ι.
790 3521 853 3586 281
887 3519 993 3584 minus
1023 3523 1107 3585 recte
1139 3519 1321 3584 Ianssenius
1351 3518 1386 3582 in

192 3637 295 3705 Oatal.
319 3640 407 3705 Mon.
433 3637 545 3706 Graec.
570 3641 660 3705 Rom.
687 3640 756 3708 Etr.
781 3641 865 3707 Mus.
887 3640 974 3706 Leid.
996 3664 1026 3726 p.
1051 3642 1095 3706 43
1117 3641 1165 3704 ita
1187 3641 1325 3726 explicat
1348 3662 1386 3705 sc

191 3762 218 3825 si
248 3767 353 3828 essent
384 3786 470 3828 mera
500 3763 711 3841 lineamenta,
744 3764 943 3848 adquorum
968 3784 1113 3828 normam
1139 3766 1282 3848 sculptor
1305 3783 1386 3849 opus

192 3903 284 3946 suum
309 3885 508 3950 conformare
532 3885 670 3951 deberet.
