3386 5346
912 419 975 461 VIII

350 583 455 642 autem
470 579 558 644 MSS.
572 580 727 663 singulari
739 580 963 644 beneuolentia
975 603 993 643 a
1013 580 1078 644 VV.
1094 583 1176 643 doct.
1191 580 1406 663 compluribus
1418 580 1544 645 adiutus

348 722 437 784 sum,
459 720 592 783 quorum
614 701 678 764 suis
699 702 776 764 locis
795 702 828 763 in
843 701 1077 784 Prolegomenis
1097 706 1189 784 grato
1210 701 1316 764 animo
1336 701 1543 778 recordabor3

348 821 494 904 inprimis
519 843 592 885 uero
617 823 739 886 eximiis
762 822 822 886 sibi
849 844 898 885 me
923 823 1138 886 deuinxerunt
1157 823 1318 886 beneficiis
1338 821 1543 886 Oonrannmr

349 947 382 1008 et
404 944 620 1022 Sannnnrnn,
646 945 715 1010 Viri
739 945 929 1030 Clarissimi,
956 945 1071 1029 quibus
1094 946 1214 1028 gratias
1235 944 1337 1009 habeo
1359 968 1544 1030 semperque

353 1067 476 1130 habebo
500 1089 594 1150 quam
620 1069 784 1132 maximas,

395 1191 433 1254 In
473 1191 701 1254 commentario
736 1191 776 1253 ad
806 1189 984 1274 Epistulam
1018 1186 1161 1272 singulos
1193 1213 1301 1254 uersus
1333 1212 1404 1254 cum
1436 1190 1543 1254 Ouidii

351 1311 544 1374 carminibus
568 1312 678 1394 procul
701 1312 797 1375 dubio
825 1312 974 1393 genuinis
998 1311 1107 1375 sedulo
1131 1311 1323 1395 comparaui.
1343 1311 1544 1396 Quamquam

350 1431 435 1494 enim
466 1431 550 1495 haud
582 1433 697 1516 ignoro
728 1455 766 1496 ex
798 1433 950 1497 eiusmodi
981 1432 1057 1497 locis
1084 1433 1170 1496 inter
1193 1455 1225 1496 se
1249 1434 1457 1517 comparabis,
1484 1435 1545 1497 nisi

350 1552 412 1614 alia
450 1554 602 1616 accedant
640 1558 847 1638 argumenta,
882 1556 960 1618 certi
991 1555 1160 1638 quicquam
1193 1556 1233 1618 de
1262 1555 1361 1639 ipsius
1397 1555 1547 1619 carminis

350 1678 478 1738 auctore
511 1675 590 1738 effici
621 1675 710 1739 nullo
744 1679 838 1740 modo
858 1697 978 1760 posse,
1013 1698 1078 1739 non
1105 1682 1212 1740 tamen
1236 1676 1349 1740 inutile
1377 1676 1547 1741 uidebatur

351 1797 435 1860 hanc
468 1797 663 1880 quaestionis
695 1803 836 1882 partem,
866 1819 932 1863 non
964 1799 1026 1862 nisi
1059 1800 1161 1863 obiter
1185 1799 1289 1862 adhuc
1313 1799 1546 1876 examinatam,

352 1918 453 1982 fusius
477 1921 573 2002 atque
597 1919 724 1983 uberius
748 1921 786 1983 de
809 1921 967 1983 industria
991 1923 1179 2004 ret1·actare;
1204 1921 1288 1984 unde
1304 1922 1544 2002 -praesertim

353 2063 424 2104 cum
449 2046 563 2124 agatur
586 2044 624 2104 de
648 2043 743 2124 poeta
765 2042 867 2125 qualis
891 2041 952 2104 fuit
976 2040 1108 2104 Ouidius
1133 2080 1172 2089 -
1199 2041 1312 2123 quanti
1330 2041 1451 2104 fructus
1471 2063 1568 2124 pos-‘

353 2164 419 2226 sint
450 2163 627 2226 redundare
660 2165 837 2247 exemplum
871 2165 963 2227 docet
986 2163 1158 2227 Wolirami
1182 2163 1357 2246 Zingerle,
1384 2165 1439 2247 qui
1462 2163 1547 2227 hanc

354 2285 439 2346 uiarn
471 2285 634 2368 ingressus
665 2286 703 2348 de
734 2284 909 2349 Heroidum
934 2285 1075 2369 epistulis
1099 2275 1243 2370 (excepta
1266 2288 1374 2348 tamen
1399 2284 1547 2368 Sapphus

354 2405 503 2491 epistula)
528 2407 647 2489 optime
671 2411 718 2471 est
744 2407 874 2470 meritus
889 2406 921 2492 ¹).

399 2651 511 2714 Restat
543 2654 579 2714 ut
610 2651 729 2735 fungar
753 2651 872 2727 officio,
899 2674 962 2736 quo
987 2652 1111 2716 nullum
1136 2653 1214 2716 mihi
1238 2652 1418 2736 exoptatius
1442 2655 1548 2736 potest

355 2773 513 2850 accidere,
543 2776 580 2836 ut
610 2773 649 2836 iis
681 2773 801 2856 gratias
819 2784 944 2856 agam,
978 2796 1111 2856 quorum
1143 2774 1346 2837 institutione
1370 2774 1548 2836 academica

355 2894 417 2957 frui
453 2895 531 2958 mihi
568 2895 712 2978 contigit.
760 2895 799 2958 In
835 2895 950 2979 quibus
984 2895 1032 2958 Tu
1069 2899 1187 2978 primus
1223 2894 1460 2977 compellandus
1496 2916 1546 2968 cs,

356 3015 535 3080 Clarissima
560 3015 797 3094 Consanrssnn,
823 3020 986 3100 promotor
1012 3017 1272 3080 aestimatissime.
1305 3014 1354 3078 Ex
1378 3035 1441 3098 quo
1462 3015 1547 3077 enim

356 3143 497 3220 tempore
528 3136 561 3199 in
593 3138 653 3201 hac
685 3137 902 3202 Vniuersitate
933 3137 1047 3200 litteris
1072 3160 1199 3221 operam
1225 3159 1342 3200 nauare
1366 3136 1472 3219 coepi,
1498 3135 1547 3198 Tu

356 3258 436 3321 rnihi
468 3259 618 3323 exstitisti
649 3264 682 3322 et
713 3259 890 3323 studiorum
923 3260 988 3322 dux
1024 3258 1220 3322 fidelissimus
1253 3261 1285 3321 et
1314 3258 1421 3321 fautor
1451 3258 1548 3320 bene·

356 3382 600 3445 uolentissimus
640 3380 746 3445 Hocce
771 3384 874 3444 autem
902 3382 1086 3464 opusculum
1112 3380 1327 3444 conscribenti
1351 3382 1384 3442 et
1407 3377 1547 3442 consiliis

356 3507 387 3567 et
416 3503 546 3567 monitis
577 3524 671 3587 quam
697 3503 924 3566 humanissime
947 3503 1085 3565 adfuisti.
1123 3501 1262 3576 Quorum
1286 3500 1429 3564 omnium
1454 3504 1547 3582 grata

356 3626 532 3690 recordatio
556 3647 594 3689 ex
618 3625 725 3688 animo
750 3645 819 3687 meo
844 3646 1019 3707 numquam
1044 3626 1220 3687 euanescet.

401 3748 462 3830 Te,
488 3747 668 3812 Clarissime
693 3737 822 3823 Ocurri,¹
836 3750 1040 3830 praeceptore
1066 3746 1113 3808 uti
1135 3745 1220 3828 quod
1242 3744 1318 3806 mihi
1340 3766 1396 3828 per
1408 3745 1547 3827 quinque

356 3893 459 3937 annos
491 3871 595 3948 licuit,
628 3869 771 3933 laetabor
802 3890 923 3952 semper
955 3873 987 3932 et
1007 3868 1175 3951 gloriabor.
1213 3867 1282 3930 Tua
1307 3868 1344 3930 de
1369 3867 1546 3929 litterarum

359 3999 499 4058 ueterum
523 3991 691 4076 disciplina
716 3995 748 4054 et
771 3992 808 4054 de
833 3990 1044 4053 Vniuersitate
1069 3989 1213 4053 Leidensi
1234 3989 1347 4051 merita
1367 3987 1547 4070 praedicare

358 4137 422 4179 non
455 4137 559 4178 meum
580 4117 636 4179 est.
670 4112 730 4177 Sed
757 4116 842 4196 quod
867 4134 970 4174 meum
995 4116 1060 4187 est,
1086 4111 1118 4172 id
1142 4114 1302 4193 praestare
1328 4110 1485 4173 conabor:
1512 4121 1548 4171 ut

357 4237 433 4300 Tuis
456 4235 631 4320 praeceptis
655 4235 798 4298 imbutus
822 4233 952 4316 'suoque
979 4233 1120 4317 exemplo
1142 4231 1294 4295 incitatus
1314 4232 1346 4294 in
1370 4229 1549 4293 excolendis

393 4478 417 4536 1)
442 4477 478 4524 W.
504 4476 625 4539 Zingerle,
657 4473 868 4537 Ualeraacduupen
892 4490 935 4521 zur
957 4471 1150 4535 Eclrthaitssraqe
1167 4472 1208 4519 dar
1228 4468 1349 4518 Heroides,
1369 4468 1449 4517 Oeid'a
1477 4469 1549 4517 Ocni·

357 4563 423 4624 pont.
442 4560 513 4611 1878.
