3386 5346
932 401 952 463 2

344 584 390 648 ita
424 586 533 668 ageret
566 583 649 648 Dan.
685 581 835 647 Heinsius
850 582 885 670 1),
923 585 971 648 uel
1009 583 1150 668 Scaliger
1182 583 1283 667 (euius
1316 582 1537 646 adnotationes

343 711 469 793 praesto
499 710 592 772 erant
623 707 670 770 illi
684 705 721 792 2),
753 707 807 770 sed
839 710 944 770 uetere
976 705 1114 790 quodam
1141 727 1233 769 usum
1257 703 1440 768 testimonio
1465 724 1537 767 eum

344 830 389 893 sic
419 829 589 893 collocasse
620 827 808 912 epistulam,
832 826 897 890 iam
921 849 960 890 ex
983 826 1054 911 ipsa
1076 825 1123 890 rei
1145 825 1252 890 indole
1278 826 1419 909 apparet.
1456 821 1537 888 (lum

342 972 418 1015 uero
442 949 550 1013 nullus
573 950 655 1013 esset
678 951 773 1013 notus
796 949 895 1013 codex
919 947 1095 1012 Ouidianus
1119 947 1175 1011 illo
1198 945 1261 1011 XV
1285 945 1354 1010 loco
1373 943 1537 1009 interHe-

342 1070 446 1135 roides
469 1070 621 1135 exhibens
644 1069 728 1134 hano
752 1069 938 1155 epistulam,
964 1070 1063 1154 uulgo
1088 1068 1259 1133 credebant
1282 1066 1354 1132 VV.
1375 1065 1445 1132 DD.
1465 1067 1536 1130 ideo

343 1195 483 1257 mutasse
514 1193 657 1256 ordinem
681 1190 850 1256 Heinsium
873 1192 957 1277 quod
982 1192 1049 1276 ipse
1073 1190 1206 1255 Ouidius
1229 1189 1302 1256 Am.
1328 1189 1370 1255 H.
1398 1190 1450 1254 18.
1476 1189 1535 1267 26,

342 1291 489 1399 Sapphus
513 1314 681 1399 epistulam
704 1337 723 1377 a
747 1335 779 1378 se
804 1313 955 1398 scriptam
978 1292 1063 1377 inter
1082 1311 1237 1377 Heroides
1258 1334 1330 1376 suas
1350 1311 1536 1395 praecipuas

343 1440 540 1500 enumeraret
571 1437 735 1499 ultimam:
759 1435 816 1498 illa
840 1438 946 1498 autem
969 1433 1040 1498 loco
1064 1433 1128 1498 XV
1151 1433 1306 1498 collocata
1329 1452 1445 1515 agmen
1469 1430 1536 1495 He-

342 1556 466 1621 roidum
490 1579 570 1641 quae
593 1557 720 1642 proprie
743 1558 936 1621 uocarentur
959 1555 1082 1629 claudi;
1106 1553 1258 1638 epistulas
1283 1554 1368 1616 enim
1388 1552 1427 1616 iis
1450 1553 1536 1617 adie-

343 1680 410 1742 ctas
433 1677 498 1741 iam
521 1698 586 1741 non
611 1699 678 1742 esse
701 1676 910 1754 >Heroides'’‚
934 1677 988 1740 sed
1012 1675 1164 1760 epistulas
1184 1673 1375 1738 feminarum
1396 1677 1429 1738 et
1449 1674 1536 1738 uiro-

341 1821 412 1863 rum
443 1801 588 1877 mutuas‚
619 1820 700 1883 quae
730 1801 842 1883 postea
872 1798 998 1862 demum
1022 1796 1063 1860 ab
1088 1795 1204 1860 Ouidio
1228 1795 1387 1879 prioribus
1411 1794 1536 1859 additae

342 1924 458 1986 essent.
484 1959 525 1969 -
549 1920 654 1997 Haec,
690 1920 839 2005 inquam,
877 1922 946 1984 erat
980 1918 1089 2003 opinio
1125 1918 1224 2000 uulgo
1260 1920 1405 2001 accepta,
1437 1917 1536 1980 donec

343 2064 428 2106 anno
455 2044 542 2108 1843
565 2031 787 2108 Schneidewin
812 2065 831 2105 a
853 2040 1024 2106 Duebnero
1049 2041 1179 2104 edoctus
1203 2040 1237 2103 in
1260 2039 1344 2104 Mus.
1366 2039 1470 2104 Ithen.
1492 2037 1534 2104 N.

342 2163 374 2229 S.
397 2162 459 2228 III.
489 2186 521 2247 p.
550 2164 613 2227 144
645 2163 810 2248 euulgauit
842 2163 1002 2226 adseruari
1034 2161 1163 2226 Parisiis
1195 2161 1334 2225 codicem
1365 2160 1534 2246 quemdam

342 2307 424 2350 saec.
447 2285 529 2350 XIII
554 2285 688 2371 (17903.
712 2285 814 2350 Notre
838 2285 939 2350 Dama
965 2285 1054 2370 188),
1079 2286 1226 2368 excerpta
1249 2285 1282 2347 et
1305 2305 1344 2347 ex
1367 2283 1436 2347 aliis
1461 2283 1536 2347 sori·

342 2406 487 2490 ptoribus
510 2405 635 2470 Latinis
660 2445 700 2454 -
726 2406 827 2469 ueluti
850 2408 928 2470 nota
951 2406 1006 2469 illa
1030 2404 1203 2469 Tibulli-
1219 2407 1251 2468 et
1269 2426 1308 2468 ex
1331 2403 1437 2469 Ouidii
1458 2404 1534 2468 Met.

342 2527 428 2592 Fast.
458 2528 535 2592 Her.
560 2529 794 2601 continentem
821 2528 857 2591 in
881 2550 917 2592 eo
941 2548 1017 2592 uero
1040 2527 1126 2590 inter
1149 2526 1325 2590 Heroidum
1349 2526 1429 2592 XIV
1452 2525 1535 2610 (Hy-

342 2641 572 2734 permnestrae)
607 2652 639 2712 et
673 2648 735 2713 XV
772 2648 882 2734 [XVI]
916 2648 1066 2735 (Paridis)
1097 2650 1245 2732 excerpta
1275 2671 1384 2714 uersus
1412 2649 1536 2732 aliquot

342 2770 407 2854 legi
450 2769 542 2833 huius
585 2773 714 2834 nostrae
757 2771 911 2854 epistulae
954 2769 1111 2854 Sapphus.
1148 2769 1286 2835 Eosdem
1321 2793 1430 2836 uersus
1464 2771 1534 2836 aliis

343 2895 451 2956 auctos
492 2891 630 2955 inueniri
672 2912 797 2976 quoque
839 2890 874 2954 in
910 2892 972 2954 alio
1007 2891 1113 2956 codiee
1148 2892 1293 2956 Parisino
1331 2894 1416 2958 7647
1452 2915 1533 2959 saec.

342 3011 424 3077 XllI
446 3015 519 3097 post
541 3012 748 3097 Meynokium
772 3013 867 3099 (Mus.
892 3012 995 3077 Rhcn.
1021 3006 1125 3077 XXV.
1150 3036 1181 3098 p.
1209 3014 1287 3099 371)
1311 3015 1419 3079 docuit
1437 3013 1532 3080 (lom-

341 3135 458 3220 paretti
501 3135 592 3200 sscll'
636 3137 814 3201 aasentias&
855 3137 934 3201 della
970 3136 1099 3223 epistola
1138 3133 1291 3200 Ovidioao
1321 3138 1355 3200 di
1389 3135 1477 3224 Saffo
1513 3161 1534 3201 a

341 3255 505 3343 Focae'’⁸)
528 3279 559 3341 p.
585 3255 639 3321 25.
685 3255 803 3332 Quanti
835 3260 941 3320 autem
971 3256 1126 3320 momenti
1157 3255 1199 3320 sit
1230 3278 1267 3320 ea
1297 3279 1347 3322 res
1376 3259 1416 3322 ad
1438 3259 1532 3323 inda-

341 3376 481 3461 gandam
505 3375 652 3461 Sapphus
676 3377 829 3462 epistulae
855 3377 1011 3462 originem
1033 3378 1089 3442 uix
1111 3400 1191 3462 opus
1215 3381 1264 3443 est
1281 3401 1419 3445 monere.
1452 3379 1532 3446 (lum

342 3499 426 3562 enirn
451 3498 515 3561 iam
539 3498 616 3562 satis
640 3520 796 3583 superque
819 3521 838 3561 a
860 3497 970 3563 multis
993 3499 1070 3563 uiris
1094 3500 1196 3565 doctis
1219 3500 1261 3563 sit
1279 3500 1531 3565 demonstratum

341 3619 448 3683 omnia
478 3619 535 3682 illa
565 3623 713 3704 excerpta
742 3641 781 3683 ex
812 3641 877 3684 uno
901 3623 1072 3704 eodemque
1097 3620 1268 3706 archetypo
1292 3621 1447 3706 originem
1473 3622 1531 3686 du-

375 3871 403 3937 1)
421 3872 509 3920 Theod.
536 3871 591 3920 Birt
617 3870 695 3936 (Mus.
720 3872 796 3921 Rhen.
825 3871 943 3922 XXXII.
967 3889 989 3938 p.
1013 3874 1070 3922 394.
1097 3889 1121 3923 n.
1141 3874 1168 3938 1)
1186 3873 1227 3938 qni
1244 3876 1313 3938 putat
1331 3873 1385 3924 Nic.
1404 3876 1532 3930 Heinsium

340 3955 446 4019 primurn
472 3954 512 4006 ita,
529 3954 653 4002 collocasse
678 3954 817 4018 epistulam,
841 3971 888 4003 non
915 3971 969 4004 casu
992 3971 1019 4003 ac
1036 3955 1164 4005 diuinando
1182 3956 1221 4004 sed
1239 3956 1317 4005 codice
1332 3959 1434 4020 quodam
1451 3963 1531 4009 uetere

342 4051 410 4086 nsum
436 4052 490 4084 eum
514 4035 540 4086 id
567 4036 648 4085 iecisse
674 4053 702 4086 ex
723 4037 799 4101 ipsius
823 4037 875 4086 Nic.
902 4037 997 4086 Heinsii
1020 4037 1097 4086 uerbis
1119 4037 1197 4086 minus
1220 4041 1283 4086 recte
1299 4039 1398 4102 colligit.
1425 4042 1488 4091 Nam
1505 4043 1531 4092 in

343 4120 437 4169 Halmii
463 4119 554 4178 uerbis,
580 4120 659 4169 citatis
677 4136 690 4169 a
709 4121 789 4170 Birtio
809 4121 924 4184 „epistula
941 4121 1111 4184 utplurimum
1128 4120 1213 4170 reiecta
1231 4121 1256 4168 in
1273 4123 1359 4170 calcem
1376 4122 1466 4186 operi?
1483 4140 1531 4174 non

342 4203 459 4266 significat
482 4203 515 4251 H.
541 4202 667 4266 epistulam
690 4203 716 4251 in
739 4203 858 4267 plerisque
880 4204 946 4252 codd.
970 4203 995 4251 in
1017 4203 1105 4253 calcem
1126 4203 1204 4267 operis
1221 4203 1333 4254 reiectam
1350 4221 1411 4264 esse,
1429 4205 1455 4254 in
1472 4223 1532 4258 non·

341 4285 415 4333 nullis
438 4284 513 4348 igilur
530 4301 572 4333 suo
590 4285 641 4333 loco
658 4285 776 4344 inueniri,
795 4286 835 4334 sed
852 4285 991 4349 plerumque
1008 4300 1059 4334 eam
1076 4287 1130 4350 post
1147 4289 1236 4334 ceteras
1253 4287 1314 4336 Her.
1331 4287 1391 4351 legi,
1409 4288 1531 4340 interdum

341 4370 421 4416 tamen
440 4367 478 4415 uel
496 4367 580 4415 ceteris
596 4368 752 4431 praemissam
768 4383 817 4416 esse
835 4367 874 4416 nel
890 4367 915 4416 in
933 4367 999 4416 codd.
1017 4367 1078 4416 alius
1094 4367 1217 4431 scriptoris
1234 4384 1333 4432 opernm
1349 4369 1462 4421 inueniri.

375 4450 403 4515 2)
422 4450 457 4497 CI.
477 4451 536 4498 Dan.
555 4449 670 4498 Heinsius
689 4449 779 4498 „amico
796 4449 896 4498 lectori'’
913 4450 938 4500 in
957 4449 1028 4499 Ouid.
1047 4449 1148 4499 Elaeuir.
1167 4450 1239 4500 1629.
1259 4452 1280 4500 I.
1298 4468 1321 4516 p.
1340 4453 1405 4502 XXI.

377 4533 400 4592 3)
422 4530 612 4581 „Pubblicazioni
635 4531 674 4579 del
697 4533 726 4581 R.
753 4531 853 4580 Istituto
876 4531 900 4581 di
922 4532 985 4581 studi
1007 4530 1124 4596 superiori
1145 4531 1170 4580 in
1188 4531 1312 4582 Firenze''.
1332 4534 1386 4583 Vol.
1406 4535 1441 4585 11.
1463 4536 1529 4605 Disp.

340 4615 362 4664 Ι.
381 4614 454 4668 1876.
