3386 5346
911 377 956 439 64

336 581 437 644 parua
459 560 544 642 filia3
568 560 683 626 ultima
705 560 824 624 doloris
847 581 942 622 eausa
964 562 1001 621 tu
1022 558 1178 622 aecedis.”
1191 557 1244 622 Sic
1251 562 1359 645 primo
1373 606 1382 620 .
1395 606 1405 620 .
1419 608 1427 622 .
1441 582 1537 623 ‚moe

336 681 413 745 Mer.
437 681 465 744 I.
488 683 564 744 222.
588 682 632 747 II.
659 683 742 758 336;
768 683 853 764 861,
877 685 936 746 cet.
957 683 1277 768 primum....mo.c
1300 679 1377 743 Met
1402 680 1429 743 l.
1455 681 1533 744 581.

336 801 429 867 VIII.
455 803 530 868 504.
556 802 645 868 XIV.
672 804 733 880 73,
759 808 819 868 cet.
834 801 861 888 1)

346 917 350 924 ’
381 923 518 1002 Iisdem,
548 928 646 1010 puto,
676 925 855 989 rationibus
879 926 1037 988 adductus
1061 923 1226 988 Baehrens
1250 923 1296 988 Il.
1320 947 1354 1008 p.
1378 923 1420 989 58
1445 927 1537 1012 inops

335 1050 459 1110 mutare
493 1045 613 1123 uoluit,
648 1047 847 1130 coniecitque
886 1045 975 1111 Arsit
1003 1060 1078 1134 post
1106 1048 1216 1133 frater
1254 1050 1327 1131 cet,
1360 1048 1447 1131 quod
1477 1070 1535 1112 cur

335 1167 524 1251 praetulerit
546 1189 613 1232 non
637 1169 742 1233 uideo.

383 1310 581 1354 reserarem
613 1311 734 1354 carrus
766 1310 974 1356 sacurem
1001 1290 1107 1355 Riesio
1130 1291 1306 1374 recepimus
1329 1312 1346 1354 e
1365 1292 1398 1377 f.
1422 1294 1454 1355 et
1477 1291 1537 1355 ali·

334 1415 416 1495 quot
449 1412 575 1477 Heinsii
610 1412 772 1478 codicibus
806 1434 864 1498 pro
900 1414 1051 1498 uulgato:
1088 1416 1187 1478 uictm
1216 1416 1381 1478 medes
1413 1437 1533 1489 acrore,

333 1537 421 1619 quod
444 1533 609 1599 Bentleius
633 1558 651 1599 e
673 1536 781 1600 codice
806 1534 967 1599 Wittiauo
992 1535 1131 1600 mutauit
1149 1535 1183 1598 in
1198 1538 1318 1600 uineas
1330 1561 1372 1601 m.
1386 1561 1416 1599 a.
1430 1535 1534 1600 Multo

333 1660 441 1720 autem
469 1660 631 1741 praestare
661 1657 741 1721 mihi
772 1657 898 1722 uidetur
930 1661 1021 1722 uetus
1044 1657 1100 1722 illa
1122 1657 1217 1722 lectio
1241 1671 1350 1744 coptus
1382 1659 1533 1743 (quacum

333 1780 541 1844 conferantur
564 1801 591 1843 c.
605 1800 636 1864 g.
661 1779 738 1845 Her.
753 1780 779 1845 Ι.
795 1780 854 1845 76:
879 1778 957 1844 Esse
979 1779 1148 1864 peregrino
1172 1782 1284 1864 captus
1310 1802 1417 1845 amore
1432 1786 1535 1865 potes.

335 1898 421 1964 Fast.
446 1900 490 1965 II.
517 1900 593 1967 585.
618 1901 764 1986 Iuppiter
786 1902 946 1966 indomito
969 1900 1121 1965 Iuturnae
1144 1903 1257 1985 captus
1281 1923 1397 1969 amore.

379 2147 428 2212 De
462 2148 561 2211 fratre
594 2145 744 2231 Sapphus
776 2184 818 2194 -
852 2144 999 2210 Charaxo
1030 2183 1071 2194 -
1097 2145 1229 2229 eiusque
1266 2167 1339 2210 cum
1373 2147 1538 2213 meretrice

340 2271 397 2335 iila
431 2269 593 2334 amoribus
628 2269 694 2333 uid.
731 2268 851 2334 Herod.
887 2267 932 2334 II.
958 2268 1041 2351 135,
1074 2266 1196 2332 Athen.
1228 2267 1321 2332 XIH.
1346 2270 1399 2334 69.
1431 2268 1537 2335 Strab.

339 2391 450 2457 XVII.
475 2393 505 2455 l.
532 2393 590 2472 33,
616 2394 695 2475 cet3
720 2392 759 2453 de
780 2388 954 2453 meretricis
976 2388 1108 2452 nomine
1132 2412 1163 2452 u.
1185 2389 1322 2454 Grauert
1339 2389 1392 2474 (de
1410 2389 1537 2476 Aesopo

341 2518 375 2579 et
403 2513 520 2578 fabulis
551 2509 755 2598 Aesopicis2)
788 2535 819 2596 p.
847 2512 911 2575 123
935 2511 1030 2597 sqq.),
1061 2510 1117 2594 qui
1137 2533 1195 2575 cur
1217 2511 1304 2575 uarie
1324 2511 1405 2576 illud
1428 2513 1537 2576 trada-

340 2641 395 2700 tur
420 2675 460 2686 —
485 2635 650 2719 Rhodopis
672 2637 806 2699 uocatur
828 2634 870 2697 ab
893 2632 1077 2710 Herodoto,
1099 2632 1140 2696 ab
1159 2631 1328 2697 Athenaeo
1341 2632 1537 2699 Doricha—

340 2758 521 2823 doctissime
551 2756 691 2841 explicat
721 2755 919 2820 ostendendo
953 2753 1124 2819 Doricham
1147 2754 1276 2838 quidem
1299 2754 1396 2820 fuisse
1422 2756 1535 2842 genui-

332 2904 418 2945 ·num
439 2880 576 2945 feminae
598 2900 735 2955 nomen,
770 2881 881 2963 postea
905 2898 979 2941 uero
1002 2877 1109 2959 illam,
1135 2899 1208 2942 cum
1233 2877 1317 2942 uitae
1340 2879 1536 2943 meretriciae

340 3025 373 3069 se
396 3003 548 3079 dedisset,
574 3001 679 3086 posito
699 2999 856 3065 Dorichae
874 3000 1024 3083 nominc,
1038 2999 1178 3083 eleganti
1191 2999 1365 3072 Ῥοδώπιδος
1377 3000 1537 3066 uocabulo

341 3125 598 3191 uenustissimam
630 3145 719 3188 suam
751 3123 888 3188 formam
919 3122 1079 3186 indicasse
1110 3143 1147 3185 ac
1179 3121 1295 3186 subeo
1318 3122 1449 3186 nomine
1472 3144 1538 3187 ma·

341 3269 438 3335 gnam
466 3247 586 3311 famam
620 3268 677 3330 per
712 3266 840 3310 omnem
877 3243 1042 3308 Graeciam
1065 3242 1127 3307 sibi
1150 3244 1331 3328 peperisse3
1356 3243 1397 3308 ci.
1421 3243 1538 3310 Strabo

340 3371 406 3437 l.l.:
430 3368 464 3446 ἣν
489 3372 615 3452 Σοοοοφὼ
639 3369 696 3444 μὲν
720 3375 816 3431 κολεῑ
837 3365 985 3444 Δωρίχαν
1000 3415 1007 3429 .
1023 3414 1032 3428 .
1047 3412 1055 3428 .
1068 3413 1076 3428 .
1091 3363 1182 3429 ἄλλοι
1205 3365 1414 3447 δ’ὀνομοὶζουοο
1437 3365 1538 3432 Ῥοδό-

341 3519 402 3568 πην
429 3494 594 3580 [Ῥοδῶπιν]
619 3493 652 3556 et
674 3489 762 3555 Suid.
786 3512 817 3552 u.
842 3486 1016 3560 Ῥοδώπιδος
1040 3485 1206 3572 dodinae,
1230 3488 1336 3572 quide
1349 3488 1540 3574 Rhodopide

342 3637 442 3702 agens
476 3614 604 3680 scribit:
641 3613 657 3686 ἦ
689 3611 721 3676 δὲ
756 3611 884 3688 Σαπφὼ
926 3609 1072 3690 Δωρίχαν
1107 3611 1204 3684 αὐτὴν
1236 3610 1383 3689 καλά’),
1418 3610 1538 3675 scilicet

342 3737 472 3824 Sappho
503 3759 576 3802 cum
607 3734 704 3800 scorti
732 3732 900 3798 auaritiam
924 3752 1000 3816 erga
1023 3729 1204 3796 Charaxum
1227 3731 1360 3797 fratrem
1384 3732 1537 3797 carmini·

341 3859 402 3924 bus
431 3859 628 3943 increparet,
658 3855 803 3942 profecto
833 3876 899 3919 non
932 3853 1068 3939 superbo
1099 3853 1155 3917 illo
1185 3851 1385 3938 Rhodopidis
1408 3853 1539 3918 nomine

342 3980 479 4045 debebat
500 3979 565 4056 uti,
590 3980 645 4043 sed
668 3999 704 4042 eo
728 3998 791 4062 quo
814 3976 951 4061 pristina
971 3975 1059 4040 illius
1079 3974 1202 4039 seruilis
1213 3979 1310 4059 atque
1321 3974 1451 4041 humilis
1463 3997 1538 4042 con·

340 4103 421 4168 ditio
442 4103 550 4188 palam
573 4100 846 4186 pronuntiaretur.

374 4289 401 4352 1)
418 4286 516 4337 Obiciat
532 4285 633 4334 forsitan
650 4283 792 4349 aliquisne
810 4299 905 4333 uersum
922 4283 955 4332 sic
972 4284 1060 4346 fingere
1077 4279 1106 4331 ob
1124 4281 1235 4331 metricas
1251 4282 1356 4332 rationes
1373 4282 1463 4333 Ouidio
1477 4281 1541 4333 indi·

340 4386 421 4436 gnum.
445 4370 491 4419 Sed
514 4367 544 4417 ci.
567 4383 588 4416 e.
611 4382 634 4431 g.
652 4367 705 4416 Am.
724 4365 745 4416 1.
765 4367 789 4416 2.
805 4366 852 4427 aa,
870 4367 920 4424 41;
943 4367 965 4414 3.
984 4365 1024 4414 13.
1042 4363 1078 4414 11.
1097 4365 1120 4413 2.
1139 4366 1179 4414 61.
1198 4365 1258 4415 Her.
1279 4365 1307 4415 V.
1327 4364 1365 4417 71.
1385 4366 1429 4415 VI.
1448 4367 1496 4416 159
1514 4367 1541 4414 et

339 4453 417 4504 multe
433 4451 522 4502 similia
539 4449 656 4515 exempla.

373 4537 401 4684 {i
418 4533 683 4676 ῗίοῃέωδδ.122ἰξδιῒοτ,
700 4613 794 4678 cappro
810 4615 862 4664 aad
876 4614 982 4672 roim,
1003 4630 1027 4678 p.
1047 4615 1076 4673 ὅς
1095 4611 1540 4679 Κοοὶ,ΔΙὲοοοοοοοοοί8ῳμλο,ρ.24.
