3380 5346
902 374 943 439 70

373 563 557 629 Vromelnr
597 560 788 627 adieetiuum
822 580 893 623 oum
924 559 1009 642 apud
1033 555 1183 622 Ouidium
1207 557 1283 622 alibi
1307 577 1374 620 non
1398 558 1502 621 exstet
1509 602 1518 635 ,

328 683 455 750 Werler
486 685 508 748 l.
541 683 563 749 l.
595 706 627 768 p.
659 681 724 746 504
755 703 772 746 5
804 681 947 765 margine
978 679 1094 745 oodioir
1118 680 1166 744 sui
1190 680 1264 765 (m4)
1288 678 1521 744 restituendum

328 810 436 872 censet
453 805 658 894 penetrabile,
685 803 757 868 coll.
781 801 859 869 Met.
885 803 957 867 XII.
984 803 1065 869 166:
1091 803 1175 889 quod
1193 803 1297 866 iuueni
1314 825 1424 889 corpur
1437 801 1522 866 nullo

324 928 511 1017 penetrabile
542 927 609 992 telo.
646 924 707 991 Sed
740 925 871 989 uerbum
903 924 1020 989 uiolare
1050 944 1108 1008 pro
1142 923 1303 988 uulnerare
1333 922 1451 1007 legitur
1483 944 1522 987 ex

329 1050 424 1115 Pont.
449 1048 508 1114 ΙΙΙ.
534 1048 565 1113 5.
590 1047 651 1132 45,
676 1047 753 1111 Μ55.
778 1045 819 1111 V.
846 1047 930 1125 226,
955 1050 987 1111 et
1006 1045 1160 1111 adolebitis
1179 1044 1372 1110 adieetiuum
1390 1045 1455 1109 iam
1475 1047 1523 1110 eet

330 1173 415 1256 apud
438 1170 536 1255 Verg.
560 1168 644 1234 Aen.
669 1167 709 1232 Il.
737 1168 819 1246 154,
844 1167 929 1231 unde
952 1168 985 1231 et
1008 1166 1069 1231 hoo
1092 1166 1163 1232 looo
1187 1167 1308 1251 optime
1328 1166 1523 1232 eeeehabere

331 1296 470 1378 apparet.
505 1291 558 1356 Sic
582 1291 766 1356 insatiabilis
790 1291 839 1354 est
862 1285 952 1365 ἅπαξ
979 1287 1130 1369 εἰρημένον
1151 1289 1237 1374 apud
1260 1288 1430 1367 Ouidium,
1457 1288 1522 1354 Ibis

333 1416 420 1493 172,
444 1414 520 1478 item
545 1412 708 1478 reuolubile
731 1411 778 1474 lb.
807 1409 890 1489 191,
915 1411 1052 1475 uitabilie
1075 1431 1113 1474 ex
1136 1408 1231 1474 Pont.
1251 1409 1302 1475 IV.
1328 1411 1380 1476 14.
1396 1410 1522 1495 313oet.

378 1534 526 1600 Ceterum
557 1533 775 1598 adnotandum
808 1533 856 1597 eet
889 1529 1040 1596 Ouidium
1070 1530 1172 1596 multo
1202 1531 1327 1616 saepius
1350 1554 1446 1617 quam
1470 1532 1525 1617 qui

335 1659 364 1722 ei
388 1655 618 1722 antecesserint
642 1654 807 1719 adieetiuis
830 1655 866 1718 in
891 1692 933 1702 -
958 1655 1027 1719 bille
1052 1653 1242 1718 exeuntibus
1261 1674 1334 1719 oum
1354 1653 1453 1739 longa
1466 1677 1524 1719 an·

333 1777 564 1864 tepaenultima
597 1775 720 1862 syllaba
751 1777 790 1840 ad
814 1775 964 1861 quintum
987 1775 1163 1840 hexametri
1185 1778 1298 1860 pedem
1322 1797 1389 1841 esee
1412 1798 1525 1854 ueum;

334 1901 373 1967 of.
400 1900 499 1978 Folle,
523 1900 558 1963 in
581 1897 699 1963 Annal.
726 1896 838 1981 philol.
864 1895 996 1962 oxvrl.
1023 1921 1056 1982 p.
1082 1898 1147 1962 639
1168 1919 1225 1982 sq„
1247 1895 1288 1962 A.
1305 1897 1346 1962 R.
1360 1897 1525 1982 Zingerle,

339 2021 426 2088 Ovid.
451 2047 482 2085 a.
507 2045 532 2086 e.
567 2019 741 2085 Vertaeltn.
766 2022 826 2084 oet.
851 2022 875 2082 Ι.
899 2043 931 2104 p.
960 2020 1011 2086 14.
1037 2018 1073 2086 L.
1098 2018 1248 2099 Scheibe,
1270 2021 1309 2085 de
1323 2042 1417 2087 eorm.
1431 2020 1524 2087 Ouid.

334 2143 519 2230 proprietat
538 2142 563 2228 ¹)
587 2165 619 2226 p.
646 2142 676 2205 6.

381 2263 504 2329 Teuffel
535 2263 570 2327 in
603 2261 678 2327 hist.
711 2261 810 2327 litter.
844 2261 964 2326 Latin³.
998 2285 1030 2346 p.
1057 2261 1121 2328 527
1147 2265 1186 2328 de
1208 2262 1270 2328 hoo
1293 2285 1340 2330 us.
1366 2264 1407 2329 79
1432 2264 1526 2330 dieit:

336 2386 415 2449 »der
445 2383 536 2448 Brief
564 2384 619 2447 der
655 2382 783 2468 Sappho
819 2383 928 2447 maoht
958 2383 1026 2448 eioh
1057 2385 1157 2449 duroh
1187 2383 1427 2470 Naohahmung
1465 2407 1529 2452 von

340 2506 461 2573 Stellen
485 2505 583 2571 Ovids
607 2505 667 2590 (ve.
695 2505 785 2569 79:
800 2504 895 2572 Triet.
919 2503 978 2570 IV.
1006 2507 1058 2572 10.
1084 2505 1126 2569 65
1151 2505 1188 2592 f.)
1211 2506 1284 2571 sehr
1307 2507 1527 2592 verd‘a'ohtig''.

338 2628 384 2693 At
418 2627 549 2691 minime
575 2626 629 2691 515
652 2626 691 2690 de
709 2625 893 2691 imitatione
916 2629 1054 2711 quadam
1077 2649 1186 2694 uerene
1210 2627 1360 2693 Ouidiani
1384 2651 1451 2694 esee
1474 2650 1528 2694 eo·

338 2749 505 2836 gitandum
524 2748 589 2812 iam
609 2769 648 2812 ex
668 2748 738 2832 ipso
762 2770 808 2813 ue.
833 2749 874 2812 79
895 2749 966 2812 luae
985 2749 1100 2843 elarius
1112 2754 1253 2835 apparet.
1267 2749 1385 2835 Eique
1397 2753 1529 2816 tandem

336 2873 404 2937 iure
443 2871 586 2956 spurium
613 2870 769 2954 possimus
799 2870 938 2934 iudieare
970 2893 1114 2951 carmen,
1139 2875 1307 2956 propterea
1331 2873 1416 2958 quod
1440 2873 1531 2938 inue-

338 2995 470 3059 niuntur
501 2993 535 3057 in
567 3013 603 3058 eo
636 3014 746 3057 uerene
778 2992 900 3078 aliquot
930 2992 1000 3057 aliis
1033 2993 1074 3057 ab
1099 2991 1213 3058 Ouidio
1238 2993 1362 3078 seriptis
1388 2994 1530 3060 similes?

339 3115 402 3180 Res
426 3115 511 3179 enim
535 3117 582 3179 est
605 3113 761 3178 mehercle
784 3114 951 3180 notissima
974 3118 1171 3200 quantopere
1195 3114 1328 3180 Ouidius
1350 3138 1426 3200 prae
1450 3119 1531 3181 oete·

340 3238 384 3302 rie
419 3236 521 3322 poetis
557 3236 681 3301 Latinis
716 3237 872 3301 amauerit
906 3237 942 3302 in
980 3237 1089 3301 eadem
1120 3236 1186 3302 lere
1216 3259 1251 3302 re
1283 3237 1388 3302 uerbis
1419 3238 1533 3302 iisdem

340 3363 397 3424 aut
434 3380 534 3444 paene
572 3358 684 3422 iisdem
726 3358 793 3436 uti,
825 3380 996 3443 uersueque
1036 3380 1109 3423 enos
1144 3359 1268 3444 saepius
1297 3362 1394 3445 atque
1415 3359 1531 3424 iterum

235 3509 237 3512 ·
340 3483 375 3547 in
406 3502 499 3546 usum
533 3500 656 3546 uooare.
689 3477 788 3544 Cuius
818 3480 863 3544 rei
902 3481 1042 3565 plurima
1073 3481 1219 3566 exempla
1249 3481 1420 3566 diligenter
1454 3502 1532 3546 oon-

342 3603 486 3668 tulerunt
516 3599 635 3679 Adler‚
669 3603 708 3665 de
739 3598 833 3666 Ouid.
870 3599 997 3668 Oonsol.
1040 3605 1081 3667 ad
1113 3602 1184 3667 Liu.
1198 3604 1224 3690 ²)
1259 3627 1291 3689 p.
1330 3603 1388 3681 11,
1420 3601 1532 3687 Riese,

341 3725 479 3794 Praefat.
508 3725 544 3789 in
567 3723 659 3790 Ouid.
691 3722 716 3787 Ι.
741 3744 814 3809 pag.
840 3723 880 3789 X.
906 3753 928 3787 n.
953 3739 987 3810 a,
1013 3724 1055 3790 A.
1079 3724 1118 3792 R.
1143 3725 1307 3810 Zingerle,
1337 3724 1426 3790 Ouid.
1450 3750 1482 3791 a.
1507 3751 1532 3790 e.

351 3847 524 3913 Verhaeltn.
558 3848 616 3912 oet.
649 3846 674 3910 I.
694 3868 725 3930 p.
752 3845 904 3925 20-34,
928 3848 970 3912 id.
998 3848 1092 3913 lateine
1111 3849 1223 3936 philol.
1248 3847 1406 3915 Abtaedl.
1430 3845 1467 3912 F.
1491 3847 1533 3912 II.

342 3994 375 4055 p.
402 3968 550 4046 18-24,
579 3965 632 4032 W.
658 3967 820 4052 Zingerle,
854 3969 1123 4056 Untemuetunpea
1145 3972 1205 4035 oet.
1229 3993 1262 4054 p.
1288 3970 1308 4034 9
1333 3967 1535 4054 eqq.Quibue

345 4089 511 4174 exemplis,
538 4089 663 4173 siquid
687 4109 767 4174 opus
790 4093 853 4168 eet,
879 4094 911 4155 55
935 4090 998 4155 alia
1020 4093 1156 4175 possunt
1168 4091 1242 4155 addi
1253 4091 1421 4176 permulta,
1434 4090 1536 4155 ueluti
1570 4103 1572 4106 ’

343 4211 421 4278 Met.
446 4209 486 4278 X.
512 4211 595 4276 519:
621 4210 754 4276 Labitur
778 4212 902 4277 oeoulte
924 4212 1072 4298 fallitque
1096 4211 1236 4278 uoletihe
1260 4217 1354 4279 eatae.

345 4389 540 4400 —.---—-·

381 4497 408 4558 1)
426 4497 510 4561 Progr.
530 4498 641 4561 Gymnas.
661 4497 825 4549 Helberatedt.
844 4501 917 4549 1880.

380 4578 408 4642 2)
426 4579 512 4643 Progr.
530 4581 642 4644 Gymnas.
658 4580 767 4630 Ancum.
786 4581 859 4632 1851.
