3380 5346
900 397 964 462 134

334 583 477 669 profecto
509 604 575 646 non
606 584 672 646 tam
705 581 867 664 desperate
900 601 932 644 se
963 579 1062 643 habet
1091 600 1141 643 res
1173 582 1205 643 et
1234 581 1391 663 quaedam
1415 579 1527 644 saltem

332 705 451 769 indicia
474 702 626 767 habemus
640 699 677 788 ¹).
701 701 791 767 Neue
814 701 986 766 admodum
1009 701 1161 765 miremur
1183 700 1327 765 fabulam
1340 699 1392 765 hic
1404 700 1528 765 narrari

334 826 463 891 aliunde
486 846 552 889 non
577 824 654 889 satis
677 826 804 892 notam:
831 826 964 907 apparet
987 823 1072 887 enim
1097 845 1136 887 ex
1159 826 1229 888 tota
1252 823 1388 908 epistula
1400 826 1527 908 poetam

334 947 533 1031 singularum
557 968 662 1010 rerum
683 944 868 1029 cognitione
888 944 975 1008 haud
994 943 1108 1008 leuiter
1125 943 1222 1008 fuisse
1233 944 1527 1028 imbutum,neque

334 1069 490 1133 absonum
522 1070 571 1132 est
601 1069 740 1131 statuere
762 1088 834 1130 eum
859 1065 1096 1131 Alexandrinos
1120 1067 1258 1131 maxime
1281 1089 1347 1131 esse
1371 1071 1524 1132 secutum.

333 1188 387 1255 Ab
425 1190 475 1254 his
506 1189 591 1253 enim
623 1189 792 1273 populares
825 1187 1009 1253 Lesbiorum
1040 1187 1165 1253 fabulas
1197 1189 1236 1253 de
1266 1187 1438 1274 Sapphone
1461 1211 1527 1254 esse

333 1311 482 1376 collectas
512 1310 721 1395 probabiliter
752 1310 934 1374 admodum¹
952 1309 1118 1374 contendit
1142 1307 1356 1396 Comparetti,
1380 1311 1426 1379 l.l.
1451 1332 1525 1397 pag.

335 1432 375 1496 51
409 1454 477 1517 sqq.
514 1429 594 1496 (lum
626 1431 665 1496 iis
697 1435 804 1496 autem
834 1430 930 1497 fuisse
955 1432 1159 1497 coniunctam
1182 1433 1297 1497 miram
1320 1431 1464 1498 fabulam
1488 1436 1526 1499 de

333 1552 538 1619 Deucalionis
572 1553 656 1618 saltu
690 1554 844 1618 amatorio
879 1553 1035 1638 sagaciter
1069 1554 1222 1630 coniecit,
1259 1560 1296 1619 ut
1330 1554 1394 1618 iam
1431 1577 1527 1640 supra

334 1676 489 1754 uidimus,
519 1675 578 1740 Th.
603 1675 690 1754 Birt,
723 1675 745 1740 l.
767 1676 788 1739 l.
821 1696 895 1760 pag.
928 1678 1011 1760 4323
1043 1697 1124 1762 qnae
1158 1678 1341 1743 coniectura
1364 1700 1400 1744 eo
1424 1680 1527 1764 magis

334 1797 439 1882 placet
461 1798 537 1882 quia
558 1798 594 1861 in
617 1797 719 1862 Lesbo
743 1798 849 1862 insula
872 1801 905 1863 et
928 1799 1046 1884 oppido
1070 1799 1195 1864 cuidam
1220 1802 1253 1865 et
1270 1801 1374 1907 monti
1386 1800 1527 1886 Pyrrhae

334 1921 403 1984 erat
425 1941 552 1986 nomen.

380 2039 461 2105 Vtut
483 2045 548 2119 est,
573 2041 637 2105 hoc
659 2062 717 2126 pro
741 2045 827 2106 certo
853 2041 1009 2107 affirmare
1029 2043 1094 2107 iam
1115 2065 1182 2108 non
1203 2044 1333 2122 dubito,
1355 2045 1447 2110 nulla
1466 2046 1528 2111 alia

334 2161 445 2225 fabula
477 2162 539 2226 nisi
570 2185 623 2247 ea,
658 2185 738 2247 quae
769 2186 786 2228 θ
817 2163 954 2228 lectione
986 2187 1005 2228 a
1035 2165 1128 2230 nobis
1152 2188 1190 2230 ex
1213 2165 1259 2230 H.
1285 2170 1317 2230 et
1340 2167 1377 2233 F.
1402 2170 1529 2252 recepta

337 2282 418 2368 (uel,
451 2306 531 2368 quae
561 2284 670 2348 eodem
702 2285 802 2362 redit,
836 2284 1025 2372 Heinsiana)
1056 2289 1218 2366 tradatur,
1258 2310 1349 2372 posse
1375 2289 1528 2373 explicari

335 2405 494 2489 quomodo
517 2410 675 2490 congruat
698 2405 791 2472 Ouid.
818 2405 960 2471 Am.11.
988 2408 1039 2474 18.
1067 2410 1123 2472 34:

561 2527 624 2592 Det
646 2531 755 2592 uotam
779 2528 909 2593 Phoebo
932 2529 1042 2594 Lesbis
1065 2545 1173 2596 amato
1196 2532 1299 2616 lyram

333 2670 397 2713 non
432 2649 502 2713 dico
533 2670 606 2714 cum
630 2648 749 2734 Sapph.
774 2673 823 2735 ep.
848 2674 895 2716 us.
924 2653 1006 2729 181,
1031 2654 1085 2717 sed
1109 2675 1181 2717 oum
1204 2655 1365 2719 communi
1385 2655 1469 2719 fama
1489 2659 1528 2720 de

333 2771 506 2855 Sapphone
534 2775 565 2835 et
588 2772 674 2836 notis
694 2772 761 2836 eius
785 2795 858 2839 eum
882 2773 1013 2839 Phaone
1037 2797 1181 2840 amorum
1205 2777 1331 2842 fabulis.
1357 2776 1428 2843 Hac
1452 2799 1526 2843 uero

334 2892 471 2957 lectione
502 2893 655 2978 admissa,
688 2894 808 2978 optime
846 2896 940 2960 simul
974 2897 1060 2961 inber
1091 2919 1124 2963 se
1148 2899 1318 2963 conuenire
1340 2903 1429 2984 patet
1452 2901 1527 2966 Am.

334 3014 378 3079 ll.
407 3015 459 3079 18.
486 3017 528 3080 34
552 3019 585 3079 et
607 3015 726 3101 Sapph.
751 3038 801 3100 ep.
825 3040 871 3082 us.
899 3019 973 3083 181.

380 3135 511 3202 Summa
539 3137 640 3221 igitur
670 3138 895 3223 disputationis
926 3145 1054 3207 nostrae
1074 3143 1137 3207 huc
1163 3143 1264 3222 redit,
1288 3142 1376 3208 nullo
1400 3143 1467 3209 iure
1491 3167 1530 3210 ex

334 3259 489 3324 Amorum
521 3259 589 3324 loco
615 3260 713 3325 citato
732 3282 824 3346 posse
844 3261 941 3342 effici,
966 3265 1134 3348 epistulam
1155 3263 1303 3350 Sapphus
1322 3288 1418 3350 quam
1442 3288 1530 3332 nunc

334 3381 525 3458 habeamus,
557 3382 713 3447 diuersam
737 3403 803 3447 esse
822 3384 863 3448 ab
890 3385 947 3449 illa
971 3408 1066 3470 quam
1091 3388 1252 3471 scripsisse
1276 3411 1308 3453 ιθ
1332 3391 1441 3454 tradat
1461 3390 1530 3474 ipse

335 3501 477 3568 Ouidius

379 3747 455 3813 Vna
478 3770 551 3813 cum
575 3751 734 3816 sententia
759 3774 814 3817 sua
839 3752 877 3817 de
901 3775 948 3818 us.
975 3753 1037 3818 181
1064 3754 1149 3820 aliud
1174 3757 1270 3820 etiam
1283 3762 1527 3842 argumentum,

269 3945 273 3952 ,
334 3893 398 3955 quo
429 3871 595 3955 epistulam
627 3876 770 3937 nostram
794 3875 935 3958 spuriam
960 3897 1026 3940 esse
1050 3878 1282 3942 demonstraret
1305 3877 1527 3946 Schneidewin

335 4014 373 4056 ex
404 3992 516 4056 iisdem
549 3992 654 4057 Ouidii
688 3996 792 4060 uerbis
823 3997 946 4081 petiuit.
975 3996 1023 4063 De
1046 4020 1109 4082 quo
1133 4003 1241 4064 tamen
1265 4002 1411 4085 pluribus
1434 4024 1528 4088 agere

335 4114 381 4179 nil
405 4136 484 4199 opus
507 4119 564 4182 est.
586 4115 706 4181 Statuit
727 4117 811 4181 enim
832 4117 890 4183 Vir
911 4118 959 4184 01.
980 4120 1184 4205 Sapphonem
1204 4123 1239 4187 in
1260 4125 1400 4208 genuina
1421 4124 1528 4190 Ouidii

336 4236 472 4320 epistula
503 4237 578 4301 dum
609 4241 750 4303 strictam
780 4263 879 4304 casem
910 4265 1009 4306 manu
1039 4247 1163 4308 teneret
1194 4244 1319 4310 Phaoni
1349 4248 1526 4332 scripsisse3

334 4358 420 4442 quod
444 4359 548 4424 effecit
572 4360 724 4424 nimirum
748 4383 765 4426 e
789 4363 910 4428 uerbis:

335 4533 503 4547 ''z—-

370 4619 397 4681 1)
416 4618 452 4667 Of.
471 4620 597 4668 comment.
614 4619 643 4666 ad
661 4633 695 4668 ue.
713 4618 768 4668 169.
