3386 5346
751 439 795 506 47

176 625 248 688 octo
284 619 460 688 Heroidum
496 621 651 706 Episatuli
686 623 867 688 indubitate
903 621 1053 706 genuinis
1089 641 1156 684 non
1189 619 1372 698 inuenitur,

175 743 315 828 septiens
348 748 458 808 tamen
490 748 538 809 est
568 744 603 808 in
634 743 746 808 ceteris
777 743 884 808 Ouidii
914 742 1075 826 distichis,
1101 741 1222 808 octiens
1247 739 1373 808 deciens

175 864 210 929 in
234 864 383 939 Metam:
409 865 452 931 cf.
476 864 708 950 Eschenburg‚
733 865 825 930 Matr.
861 864 1041 930 Ueteraucb.
1067 866 1126 929 cet.
1150 883 1225 949 pag.
1251 860 1293 938 23
1318 861 1373 926 13.

216 983 270 1052 ¹Dc
289 988 358 1074 fide
379 1000 408 1052 et
431 987 552 1052 athara
577 985 738 1070 Apollinis
761 986 943 1070 insignibus
966 1009 997 1051 u.
1018 986 1098 1051 Met.
1121 985 1162 1050 X.
1188 985 1271 1050 108:

313 1105 374 1182 Qui
397 1107 552 1173 citharam
576 1108 683 1172 neruis
706 1111 738 1172 et
761 1107 868 1172 neruis
888 1110 1046 1192 temperet
1071 1128 1191 1171 arcum.

176 1250 215 1293 ex
239 1227 334 1293 Pont.
358 1227 416 1294 IV.
441 1229 470 1294 8.
499 1227 560 1294 75:

247 1349 353 1435 lltquo
375 1372 478 1436 neque
502 1351 541 1416 ad
565 1351 721 1416 citharam
744 1373 847 1438 neque
870 1354 911 1416 ad
934 1373 1041 1416 arcum
1062 1350 1168 1436 segnis
1181 1348 1298 1435 Apollo
1310 1352 1372 1416 est.

175 1474 208 1536 ct
238 1471 285 1536 ita
314 1470 432 1557 Apollo
463 1474 547 1560 »fide
578 1473 778 1562 conspicuua”
811 1473 991 1559 appellatur
1022 1471 1099 1537 Her.
1123 1471 1162 1536 V.
1192 1471 1265 1537 139.

222 1613 295 1658 sius
321 1614 522 1660 unsisssnvs
547 1593 693 1660 Aroma.
718 1594 759 1660 cf.
784 1593 825 1663 A.
836 1593 876 1659 A.
900 1594 944 1660 11.
970 1596 1052 1660 4931
1083 1635 1085 1639 ν

257 1715 355 1782 Haec
377 1737 437 1802 ego
462 1739 534 1782 oum
558 1738 722 1795 canerem,
746 1716 852 1782 subito
876 1716 1063 1782 manifestus
1087 1713 1205 1800 Apollo
1230 1751 1274 1766 -

176 1861 214 1904 ax
245 1838 339 1904 Pont.
366 1839 390 1904 I.
418 1843 447 1907 1.
473 1841 534 1906 631

313 1961 359 2027 Ut
381 1961 461 2025 mihi
484 1961 517 2024 di
540 1961 685 2040 faueant,
709 1961 826 2047 quibus
850 1964 898 2027 cst
921 1959 1121 2026 manifestior
1142 1959 1227 2045 Ipse.

222 2206 279 2275 Vs.
307 2208 360 2272 24.
385 2205 729 2277 Connus-Brousis
755 2208 795 2275 cf.
821 2207 859 2274 A.
875 2208 917 2275 A.
938 2209 1100 2276 111.348:
1123 2209 1261 2295 Insignis
1280 2233 1374 2275 cornu
1462 2173 1463 2178 ἵ

177 2331 308 2408 Bocche.
344 2328 417 2396 Am.
451 2329 509 2396 ΙΙΙ.
546 2331 596 2396 15.
634 2332 694 2397 17:
737 2329 885 2419 Corniper
920 2333 1050 2420 [paena.
1093 2330 1135 2400 A.
1154 2330 1195 2396 A.
1227 2331 1254 2399 I.
1289 2332 1372 2397 232:

177 2453 296 2518 Bacchi
317 2478 440 2520 cornua.

222 2595 331 2639 oasim
364 2575 554 2640 collocatum
585 2576 620 2640 in
652 2576 716 2642 fine
748 2578 940 2662 pentametri
966 2578 1067 2663 partis
1090 2577 1223 2662 prioris,
1248 2579 1286 2642 ut
1308 2575 1374 2642 fere

177 2717 301 2781 semper
330 2697 365 2760 in
398 2696 542 2762 distichis
576 2696 700 2764 Ouidii:
733 2697 808 2764 Her.
840 2698 916 2764 XII.
942 2699 1004 2786 203
1026 2697 1099 2765 Am.
1124 2699 1148 2764 l.
1176 2699 1206 2764 0.
1233 2700 1295 2776 361
1321 2699 1373 2764 14.

178 2818 238 2896 281
266 2819 327 2895 321
352 2817 413 2895 441
437 2816 478 2886 A.
493 2818 533 2884 A.
559 2819 584 2883 Ι.
614 2818 699 2897 5681
723 2818 808 2898 5821
831 2820 922 2886 Rem.
948 2822 1010 2898 68;
1031 2819 1121 2886 uase.
1145 2820 1169 2886 Ι.
1197 2821 1281 2896 2061
1305 2819 1373 2888 Ibis

52 3003 57 3012 .
177 2939 261 3025 4463
286 2940 362 3005 634.

224 3058 457 3146 comparentur
485 3083 557 3128 cum
588 3062 649 3128 hoc
679 3086 726 3129 us.
758 3064 818 3129 241
843 3064 924 3130 Met.
947 3063 1023 3131 XII.
1049 3065 1132 3130 400:
1159 3102 1200 3114 -
1223 3067 1267 3130 da
1289 3064 1372 3130 colla

177 3185 336 3268 caputque
356 3181 487 3250 Castore
509 3185 627 3270 dignus
649 3185 728 3262 erit;
753 3183 829 3252 Her.
855 3185 951 3251 XIII.
981 3184 1060 3251 156:

429 3306 521 3372 Adde
544 3328 659 3372 sonum
683 3328 787 3384 cerae,
814 3305 1009 3372 Protesilaus
1031 3307 1101 3372 erit.

178 3425 259 3494 (lum
282 3451 345 3495 uss.
373 3428 506 3494 23-24
531 3449 634 3514 comp.
659 3427 804 3512 Propert.
826 3427 884 3493 IV.
911 3429 941 3495 2.
967 3429 1008 3494 31
1034 3451 1100 3513 sq.:

360 3549 463 3636 Cinge
486 3555 582 3636 caput
606 3550 717 3628 mitra,
741 3550 876 3636 speciem
899 3549 1031 3618 furabor
1055 3551 1173 3616 Iacchi:

405 3671 549 3738 Furabor
573 3671 711 3750 Phoebi,
737 3672 764 3737 si
788 3674 883 3736 modo
907 3671 1027 3756 plectra
1051 3672 1151 3737 dabis.

225 3916 273 3982 De
295 3939 342 3982 us.
369 3918 412 3986 24
435 3939 542 3982 seuere
564 3916 721 3982 iudicauit
742 3916 864 3984 Teuffel
886 3916 922 3982 in
945 3915 1020 3981 hist
1053 3915 1150 3984 litter.
1183 3915 1268 3983 Lau.
1296 3939 1370 4004 pag.

182 4039 264 4105 527:
297 4039 375 4104 »der
405 4038 497 4103 Brief
524 4039 579 4104 der
611 4037 740 4123 Sappho
773 4037 883 4103 macht
911 4037 979 4102 sich
1003 4037 1164 4103 durch-
1186 4035 1373 4104 Ocrikieren

179 4161 280 4226 seiner
305 4161 340 4245 [i.
354 4183 379 4226 e.
408 4160 530 4245 Ouidii]
556 4159 946 4246 Eigcnthuemlichkeiten
970 4163 1038 4226 und
1061 4159 1161 4224 durch
1185 4158 1372 4244 Plumpheit

179 4289 219 4362 (z.
250 4281 288 4346 B.
315 4305 342 4346 v.
371 4282 433 4358 24,
455 4281 513 4358 03.
538 4282 613 4347 207.
638 4283 681 4347 49
705 4280 747 4360 f.‚
784 4284 846 4347 133
869 4281 912 4359 f.‚
940 4282 1003 4347 144
1027 4282 1075 4379 ff.)
1097 4281 1171 4346 sehr
1195 4282 1367 4348 verdaech-

178 4403 259 4489 tig’'.
296 4403 414 4468 Utrum
440 4424 515 4468 uero
538 4403 659 4469 Teuffel
683 4403 836 4470 hocloco
860 4403 1015 4468 sermonis
1038 4404 1249 4468 rusticitatem
1260 4426 1369 4488 repre-

179 4523 300 4590 hendat
331 4546 372 4588 an
402 4526 506 4608 quod,
539 4547 620 4609 quae
651 4524 767 4596 Ouidio
798 4525 864 4590 sint
894 4525 1041 4611 propria,
1069 4525 1122 4590 hic
1152 4524 1285 4589 ridicula
1307 4525 1373 4589 sint

178 4647 314 4712 distorta
345 4649 378 4710 et
411 4648 601 4734 deprauata,
635 4668 702 4711 non
732 4647 843 4731 liquet.
878 4645 925 4711 At
956 4646 1108 4732 exemplis
1140 4667 1236 4731 supra
1266 4645 1374 4712 allatis
