3380 5346
903 409 966 474 132

426 594 573 660 Phoebus
597 595 637 658 ab
659 594 799 670 excelso,
825 595 981 677 quantum
1008 595 1115 677 patet,
1142 593 1255 677 aspicit
1282 613 1418 677 aequor:

473 718 629 782 Actaeam
652 714 763 801 populi
787 715 1044 798 Leucadiumque
1070 718 1199 780 uocant.

382 839 539 904 Leucadio
578 842 683 902 autem
716 835 860 921 Apollini
891 840 983 901 eraut
1007 837 1142 920 obligati
1165 837 1214 901 illi
1237 841 1366 902 tantum
1390 838 1446 923 qui
1470 838 1536 902 eius

336 961 491 1026 beneficio
532 961 634 1025 illaesi
679 982 717 1024 ex
751 959 836 1024 saltu
872 962 1057 1038 euaserant,
1095 982 1197 1044 neque
1234 961 1321 1025 aliud
1364 961 1536 1045 quicquam

337 1085 400 1149 nisi
433 1105 620 1168 prosperum
651 1081 750 1146 saltus
780 1084 930 1146 euentum
963 1084 1089 1166 poterat
1113 1086 1235 1167 precari
1257 1082 1386 1168 Sappho
1410 1081 1446 1170 1).
1472 1081 1535 1146 Mi·

337 1207 423 1271 nime
454 1205 540 1269 enim
571 1207 619 1269 est
649 1204 855 1289 cogitandum
886 1226 954 1267 eam
979 1204 1019 1268 ab
1043 1203 1104 1269 hoc
1127 1205 1186 1269 deo
1210 1205 1338 1289 petiisse
1363 1207 1400 1270 ut
1424 1205 1546 1270 Phaon

338 1351 376 1394 ex
408 1326 516 1392 Sicilia
534 1327 651 1392 rediret
674 1330 707 1390 et
729 1326 829 1390 amori
852 1326 951 1409 ipsius
975 1327 1198 1410 responderet:
1225 1326 1286 1392 hoc
1309 1331 1437 1412 poterat
1463 1327 1534 1391 effi·

339 1473 408 1516 cere
439 1471 505 1514 non
536 1448 671 1534 Apollo,
702 1448 757 1513 sed
788 1448 908 1514 Venus.
955 1447 1046 1524 Quod
1076 1449 1147 1534 ipsa
1179 1450 1304 1534 poetria
1335 1450 1459 1514 indicat
1490 1465 1542 1514 ua·

340 1574 383 1638 57
408 1595 473 1658 sq.:

408 1694 458 1759 Tu
480 1715 623 1779 quoque,
648 1715 728 1780 quae
751 1697 876 1758 montes
900 1692 1057 1771 celebras,
1083 1693 1240 1778 Erycina,
1265 1693 1415 1772 Sicanos,
1442 1731 1483 1742 -

452 1816 537 1881 Nam
562 1821 618 1881 tua
640 1839 709 1881 sum
737 1853 778 1865 -
802 1816 870 1879 uati
893 1816 1040 1901 consule,
1068 1816 1159 1894 diua,
1184 1818 1267 1881 tuae.

387 1939 505 2024 Apollo
541 1960 616 2002 uero
651 1939 687 2002 in
718 1941 820 2001 totam
842 1937 925 2001 hanc
951 1958 1093 2001 amorum
1120 1937 1263 2002 fabulam
1287 1939 1448 2003 introduci
1474 1961 1538 2003 non

340 2064 446 2146 potest
478 2060 539 2124 nisi
569 2083 607 2125 ea
636 2060 706 2144 lege
738 2063 775 2123 ut
805 2059 924 2124 mederi
955 2059 1057 2123 amori
1087 2059 1218 2123 illorum
1249 2062 1381 2145 putetur
1412 2061 1468 2146 qui
1501 2063 1539 2124 de

340 2182 478 2248 Leucate
508 2183 543 2246 in
574 2204 660 2246 mare
684 2204 716 2246 se
742 2181 991 2266 praecipitarint.
1028 2181 1156 2266 Sappho
1183 2182 1282 2266 igitur
1308 2186 1385 2248 tunc
1409 2185 1536 2247 demum

340 2305 442 2390 lyram
478 2327 567 2369 suam
599 2304 706 2389 potuit
738 2305 812 2368 dare
835 2303 984 2381 Phoebo,
1011 2325 1083 2368 cum
1108 2305 1207 2368 saltus
1232 2305 1373 2388 periculo
1398 2305 1533 2370 feliciter
1605 2295 1607 2299 ¹

340 2431 422 2491 esset
445 2426 621 2511 perfuncta.
659 2425 771 2490 Phaon
797 2429 903 2489 autem
927 2447 1113 2508 responsum
1139 2424 1305 2511 Sapphoni
1329 2426 1471 2492 faustum
1496 2466 1536 2476 —

341 2551 373 2612 et
396 2547 536 2612 faustum
561 2547 704 2633 profecto
730 2549 815 2626 erat,
842 2569 933 2611 nam:

522 2669 586 2734 Det
610 2672 718 2734 uotam
743 2669 872 2734 Phoebo
897 2668 1007 2734 Lesbis
1031 2684 1139 2735 amatu
1164 2670 1267 2755 lyram
1293 2709 1334 2720 -

341 2792 429 2878 prius
461 2791 586 2856 mittere
619 2813 682 2856 non
714 2791 837 2875 potuit,
862 2813 958 2875 quam
975 2791 1111 2875 Sappho
1135 2792 1198 2855 iam
1221 2793 1256 2856 in
1281 2815 1368 2856 mare
1395 2815 1427 2857 se
1451 2793 1536 2858 deie-

341 2916 434 2978 cerat.
472 2912 601 2976 Etenim
633 2934 705 2977 cum
738 2914 821 2996 apud
855 2933 964 2976 omnes
996 2912 1163 2995 scriptores
1197 2913 1347 2997 antiquos
1372 2915 1473 2979 saltus
1497 2915 1536 2978 de

342 3035 478 3100 Leucate
501 3035 723 3119 promunturio
746 3056 869 3117 semper
888 3034 988 3098 fuerit
1011 3034 1158 3119 Sapphus
1182 3040 1214 3100 et
1234 3036 1371 3101 Phaonis
1392 3058 1537 3100 amorum

341 3160 439 3242 caput
473 3161 505 3222 et
536 3161 731 3221 momentum
764 3157 985 3241 praecipuum,
1020 3157 1152 3222 minime
1183 3161 1231 3222 est
1259 3159 1452 3223 credendum
1487 3158 1538 3223 uel

341 3279 491 3370 Ouidium
527 3279 576 3343 uel
608 3277 762 3343 Sabinum
794 3301 813 3341 a
843 3278 1005 3342 communi
1035 3277 1121 3341 fama
1146 3282 1178 3343 et
1203 3280 1381 3364 antiquitus
1406 3282 1536 3364 accepta

341 3402 493 3488 opinione
516 3405 583 3465 tam
607 3401 718 3485 procul
741 3400 922 3478 recessisse,
947 3404 984 3464 ut
1005 3400 1169 3465 Phaonem
1190 3402 1351 3486 fingerent
1370 3402 1537 3487 Sapphoni

254 3544 256 3550 ·
342 3525 502 3609 scripsisse
533 3545 566 3588 se
596 3523 682 3587 illius
713 3523 813 3586 amo'ri
844 3525 1051 3606 respondere,
1084 3544 1155 3587 eum
1177 3523 1278 3607 igitur
1302 3545 1454 3608 responso
1479 3545 1536 3590 suo

341 3646 507 3732 perfecisse
530 3649 567 3709 ut
591 3644 720 3729 Sappho
744 3645 827 3708 saltu
850 3644 994 3708 faciendo
1019 3644 1192 3709 absisteret.
1231 3643 1334 3708 Nemo
1358 3646 1442 3708 enim
1468 3667 1535 3710 non

342 3771 429 3835 uidet
459 3770 494 3833 in
526 3768 680 3834 eiusmodi
706 3766 867 3852 epistulis,
893 3788 973 3850 quae
998 3769 1164 3830 uersentur
1188 3765 1223 3828 in
1248 3771 1438 3850 argumento
1463 3788 1537 3831 uere

342 3891 533 3974 dramatico,
565 3891 670 3975 ipsum
702 3889 747 3953 rei
774 3888 934 3953 cardinem
967 3909 1033 3952 osse
1065 3890 1120 3962 τὴν
1149 3892 1391 3967 καταστροφήν,
1415 3889 1535 3953 exitum

342 4013 489 4090 fatalem,
522 4011 578 4096 qui
605 4011 729 4075 homini
750 4010 916 4073 immineat
940 4012 972 4072 et
994 4009 1050 4092 qui
1072 4009 1244 4073 lectoribus
1269 4014 1365 4073 notus
1389 4032 1456 4074 esse
1481 4010 1536 4074 de·

341 4137 424 4201 beat.
462 4133 548 4209 Quae
579 4133 638 4196 fati
669 4132 837 4196 necessitas
869 4131 895 4194 si
927 4130 1035 4206 abest,
1069 4129 1205 4212 epistula
1239 4135 1373 4195 naturae
1406 4154 1480 4196 suae
1504 4134 1538 4196 et

343 4297 538 4310 ,--.-...-

376 4390 402 4455 1)
429 4391 483 4455 Qua
508 4391 537 4438 de
562 4405 632 4438 cause
654 4404 701 4438 uon
720 4388 866 4438 admittenda
885 4387 982 4436 uidctnr
999 4387 1134 4436 coniectura
1152 4387 1253 4436 Dilthcii
1272 4387 1312 4452 (de
1332 4388 1472 4438 Callimachi
1491 4391 1537 4452 Cy·

341 4474 427 4540 dippa,
444 4489 466 4538 p.
485 4474 540 4522 118.
558 4488 581 4521 n.
601 4473 624 4532 1)
642 4473 706 4535 quod
724 4470 818 4536 Sappho
835 4471 861 4519 in
878 4486 944 4518 mare
962 4486 986 4518 se
1003 4471 1134 4519 dcmissura
1150 4471 1228 4534 lyram
1242 4486 1309 4520 suam
1324 4471 1431 4535 Apollini
1447 4487 1537 4522 nouere

340 4570 365 4607 sc
383 4555 445 4605 uelle
461 4555 536 4613 dicat,
555 4558 660 4620 spectare
678 4555 707 4604 ad
724 4554 801 4617 lyram
819 4553 922 4617 aliquam
942 4557 968 4602 nt
987 4553 1097 4618 Sapphus
1113 4553 1138 4602 iu
1154 4553 1302 4616 Mytilenaeo
1317 4552 1437 4618 Apollinis
1445 4554 1535 4619 templo

340 4639 488 4690 adseruetam
506 4637 685 4701 uisentibnsque
702 4641 867 4686 monstratam.
888 4637 922 4686 (a.
943 4636 1107 4701 Comparetti‚
1126 4635 1160 4686 l.l.
1179 4652 1231 4701 pag.
1253 4637 1290 4685 15.
1310 4653 1332 4685 a.
1352 4639 1373 4685 3.
