3380 5346
740 404 803 468 115

208 587 305 652 Hunc
335 610 459 652 uersum
493 587 557 650 213
582 590 658 652 ante
682 588 790 652 oculos
811 586 959 652 babuisse
983 586 1146 650 Musaeum
1172 585 1231 670 (us.
1259 585 1358 670 atel:

301 707 489 785 Ἀγνώσσεις
515 704 560 773 ὅτι
587 708 700 788 Κύπρις
724 709 896 788 ἀπόσπορός
922 710 987 772 ἐστι
1013 706 1203 781 θαλάσσης,

303 831 362 896 Καὶ
388 829 508 907 κρατέει
534 831 653 894 πόντοιο
679 869 719 878 -

167 952 281 1017 statuit
303 952 484 1037 Leuncpius
508 954 542 1017 in
567 975 680 1019 comm.
706 957 746 1017 ad
769 953 801 1017 h.
826 953 847 1016 l.
873 952 987 1018 Melius
1011 955 1118 1018 tamen
1143 955 1211 1016 erat
1230 973 1359 1036 compa-

166 1075 285 1138 randus
308 1097 355 1138 us·
380 1075 441 1152 24,
465 1074 540 1140 Her.
568 1075 650 1140 XV:

392 1196 432 1261 In
457 1220 542 1262 mare
567 1197 718 1262 nimirum
741 1197 791 1262 ius
814 1197 913 1262 habet
934 1199 1005 1261 orta
1028 1197 1121 1261 mari.

211 1442 268 1509 Vs.
294 1443 368 1508 214.
400 1441 497 1508 Avus
528 1463 625 1507 naam
658 1413 802 1521 cvasvu,
834 1463 874 1507 nv
905 1463 993 1507 uono
1027 1462 1129 1508 sorva
1166 1441 1362 1510 aurunci.

166 1564 242 1629 Her.
269 1563 345 1629 VII.
373 1565 455 1630 171:

304 1683 384 1752 Cum
409 1687 499 1751 dabit
523 1710 601 1752 aura
623 1689 723 1765 uiam,
748 1687 913 1773 praebebis
937 1687 1067 1752 carbasa
1089 1687 1203 1752 uentis.

168 1808 246 1876 Her.
271 1808 399 1876 XVIII.
426 1809 486 1876 52:

442 1931 487 1995 Ut
509 1930 570 1996 tibi
593 1932 646 1996 det
668 1931 775 1997 faciles
798 1931 886 1996 utilis
911 1953 988 1996 aura
1012 1932 1090 1997 uias.

167 2076 205 2118 ex
229 2053 324 2120 Pont.
349 2053 405 2118 IV.
433 2055 463 2118 9.
491 2055 551 2126 73;
574 2053 651 2120 Met.
672 2052 763 2120 VIII.
787 2056 806 2118 3
827 2053 922 2138 (dant
941 2052 1058 2138 placidi
1079 2075 1205 2118 cursum
1225 2052 1361 2117 redeun-

169 2175 254 2240 tibus
278 2177 402 2263 austri).

211 2295 261 2362 Ex
283 2298 333 2362 his
356 2297 456 2382 igitur
478 2299 631 2384 exemplis
655 2302 787 2384 apparet
812 2300 909 2364 uerba
936 2297 1028 2364 Aura
1052 2301 1139 2364 dubit
1161 2323 1285 2363 curcum
1305 2320 1362 2383 per

166 2441 198 2483 se
220 2419 339 2504 optime
363 2442 429 2484 esse
447 2421 541 2486 dieta.
567 2420 614 2485 At
638 2421 754 2486 mirum
778 2421 945 2505 minusque
972 2423 1095 2484 rectum
1117 2420 1195 2484 mihi
1215 2420 1363 2497 uidetur,

166 2542 250 2626 quod
273 2542 374 2606 media
390 2543 474 2606 inter
494 2542 651 2606 Venerem
674 2546 706 2606 et
728 2539 936 2626 Cupidinem,
957 2541 1084 2606 Phaoni
1095 2541 1243 2606 redeunti
1255 2542 1363 2606 fauen-

73 2710 77 2716 =
163 2665 227 2745 tes,
265 2664 451 2728 nominatur
485 2689 581 2741 auru,
622 2664 746 2728 felicem
782 2685 909 2728 cursum
941 2665 1065 2728 datura.
1121 2663 1258 2728 Matrem
1291 2662 1356 2727 Ve-

173 2806 280 2850 nerem
313 2786 423 2851 statim
454 2787 543 2871 sequi
574 2787 709 2851 debebat
739 2785 824 2852 filius
856 2785 999 2871 Oupido:
1028 2808 1122 2850 aurae
1145 2785 1274 2850 fautrici
1298 2807 1364 2849 non

175 2911 243 2973 crat
273 2908 326 2973 hic
350 2909 450 2974 locus.
483 2908 617 2974 Accedit
641 2912 726 2995 quod
750 2911 837 2974 dabit
860 2910 970 2973 eodem
995 2931 1103 2973 uersus
1126 2908 1197 2972 loco
1222 2908 1361 2993 positum

174 3029 292 3114 legitur
321 3030 356 3095 in
382 3033 583 3115 pentametro
607 3031 804 3116 insequenti,
830 3051 911 3114 quae
932 3030 1061 3113 quidem
1085 3029 1214 3093 iteratio
1234 3028 1365 3092 minime

176 3152 225 3216 est
252 3151 382 3236 elegans
413 3174 471 3216 nec
501 3153 585 3216 bono
617 3156 713 3237 poeta
744 3152 865 3236 digna·
883 3150 1004 3226 Quibus
1029 3150 1235 3215 consideratis
1257 3150 1293 3213 in
1316 3149 1367 3214 his

176 3273 340 3338 uocabulis
363 3272 457 3339 Auru
479 3276 567 3339 dabit
588 3298 712 3338 cursum
735 3294 872 3337 errorem
896 3272 995 3336 latere
1016 3271 1169 3355 suspicor.
1193 3269 1366 3336 Continere

43 3403 45 3407 ’
177 3417 214 3460 ea
236 3395 353 3460 debent
376 3396 513 3481 aliquid,
538 3396 622 3481 quod
647 3419 666 3460 a
689 3396 813 3460 Venere
830 3396 1031 3480 procuretur.
1055 3392 1162 3458 Venus
1183 3391 1365 3456 amantibus

176 3523 336 3605 praestare
360 3519 442 3584 solet
463 3542 567 3597 mare,
591 3519 612 3582 i.
637 3541 663 3583 e.
686 3541 772 3583 mare
792 3519 868 3582 mite
889 3540 926 3582 ac
942 3519 1101 3603 pacatum.
1123 3515 1185 3580 Sed
1205 3518 1368 3599 praeterea

178 3661 258 3726 opus
282 3644 351 3706 erat
374 3645 471 3706 uento
494 3641 631 3705 secundo
653 3645 686 3704 et
708 3662 803 3704 cursu
829 3638 922 3704 felici.
947 3638 1035 3702 Haec
1060 3637 1122 3700 tria
1146 3637 1173 3700 si
1195 3635 1367 3699 nominan-

177 3767 247 3842 tur,
271 3766 349 3828 tune
373 3764 500 3828 demum
523 3763 684 3827 sententia
707 3761 871 3826 exhibebit
895 3783 950 3836 ea,
975 3780 1057 3844 quae
1078 3757 1256 3842 exspectari
1276 3760 1367 3842 pote·

176 3890 259 3951 rant.
297 3885 513 3970 Quapropter,
536 3884 736 3950 coniecturae
755 3883 890 3947 fortasse
912 3882 1102 3967 indulgens,
1127 3881 1199 3959 sed,
1219 3883 1257 3943 ut
1276 3900 1368 3964 spero

177 4031 244 4074 non
267 4008 362 4073 nimis
386 4008 585 4085 temerariae,
608 4027 722 4092 rogare
746 4006 841 4070 uelim
865 4028 907 4070 an
920 4026 987 4069 non
999 4004 1076 4068 olim
1088 4003 1243 4087 scriptum
1254 4001 1368 4066 fuerit:

221 4130 316 4197 Soluc
335 4135 449 4196 ratem:
474 4128 584 4195 Venus
606 4134 676 4194 orta
695 4128 774 4193 mari
798 4153 884 4194 marc
903 4139 1046 4216 praestat
1070 4128 1208 4200 amanti,

266 4252 448 4340 Aurumque
470 4265 499 4318 ct
521 4277 664 4318 cursum:
687 4253 723 4315 tu
747 4253 841 4314 modo
866 4249 954 4314 solue
976 4249 1093 4313 ratem!

222 4375 327 4441 Facile
351 4380 458 4440 autem
469 4375 546 4439 haee
558 4375 656 4439 uerba
668 4375 817 4458 poterant
829 4371 988 4455 corrumpi
999 4418 1007 4448 ,
1020 4367 1184 4435 uocabulis
1198 4391 1255 4456 que
1270 4369 1365 4451 atque

179 4513 208 4566 et
230 4520 287 4584 per
308 4498 534 4583 compendium
557 4495 700 4579 scriptis,
724 4498 756 4559 et
778 4492 900 4557 librarii
924 4491 1016 4556 oculo
1041 4495 1081 4555 ad
1104 4490 1186 4555 illud
1210 4491 1297 4554 dubit
1320 4509 1370 4551 se-

181 4622 309 4707 quentis
332 4619 525 4706 pentametri
547 4617 726 4682 aberrante.
