3386 5346
791 408 934 471 -54

360 594 491 660 Rectius
522 593 655 657 fortasse
685 614 744 678 pro
774 593 860 656 nulla
882 592 953 656 loco
977 591 1151 688 posteriore
1175 612 1247 656 cum
1271 592 1306 675 h·
1332 616 1373 655 m.
1398 589 1510 655 scribi-

315 738 386 780 mus
410 716 475 780 ullo
498 718 531 778 et
553 713 815 798 interrogationis
839 713 931 798 signo
955 713 990 777 in
1014 713 1079 777 fine
1101 713 1207 797 posito
1231 712 1385 797 legimus:

450 836 485 903 Si
510 875 549 886 -
576 835 676 902 Nulla
698 836 808 900 futura
830 839 887 900 tua
911 839 975 920 est,
1000 836 1067 900 ulla
1089 835 1199 900 futura
1220 840 1277 900 tua
1300 840 1369 900 est?
1478 858 1480 864 ’

359 958 412 1025 Sic
436 960 520 1023 enim
538 951 650 1024 sensus
670 959 835 1043 aliquanto
854 962 939 1023 certe
950 958 989 1022 fit
1000 958 1112 1023 melior
1123 962 1155 1023 et
1165 963 1399 1044 pentametrum
1411 959 1510 1025 habe-

313 1103 384 1146 mus
401 1081 483 1145 mori
502 1080 608 1145 Ouidii
628 1083 895 1158 consentaneum,
916 1081 973 1164 qui
992 1081 1175 1165 saepissime
1196 1085 1363 1165 utramque
1375 1081 1442 1146 eius
1461 1104 1509 1146 ιιι.

313 1205 438 1288 partem
470 1203 621 1280 eandem,
652 1224 717 1267 uno
740 1207 850 1267 tamen
872 1203 982 1286 utique
1007 1201 1163 1267 uocabulo
1187 1202 1338 1266 distincto
1363 1201 1510 1281 finxerit,

315 1325 403 1388 ouius
428 1325 473 1388 rei
495 1324 639 1408 exempla
664 1324 834 1408 diligenter
854 1324 984 1409 collegit
1002 1322 1230 1408 Esohenburg,
1252 1323 1417 1389 Metrischc
1445 1323 1511 1388 Uu-

316 1447 443 1512 terauch.
468 1450 520 1511 cet
543 1467 617 1531 pag.
644 1448 688 1511 24
713 1468 760 1530 sq.

359 1690 400 1755 In
431 1690 488 1756 Vs.
520 1691 561 1755 41
594 1690 643 1754 Ar
676 1711 744 1754 uas
767 1711 830 1754 ovu
856 1709 1022 1768 nauseas,
1048 1709 1148 1753 numu
1174 1710 1322 1754 roanosu
1348 1709 1510 1768 mosara,

315 1813 369 1898 qui
400 1813 509 1906 sicin
541 1815 632 1878 codd.
657 1812 817 1898 plerisque
840 1814 889 1876 est
913 1812 1049 1875 traditus
1074 1849 1115 1859 -
1140 1812 1202 1876 nisi
1225 1813 1312 1896 quod
1334 1809 1429 1875 multi
1452 1833 1510 1896 pro
1615 1819 1616 1822 ’

315 1959 383 2000 mea
414 1936 569 2020 praebent
591 1958 639 2000 me
664 1973 704 1984 -
727 1937 900 2020 praeeunte
923 1933 1154 1998 Medenbachio
1178 1932 1383 2019 Wakker01)
1406 1932 1512 1998 Baeh-

314 2079 387 2121 rens
422 2056 443 2120 l.
459 2057 478 2120 l.
516 2077 589 2141 pag.
628 2055 669 2120 57
702 2055 822 2140 optime
853 2055 968 2119 statuit
997 2055 1100 2120 inesse
1132 2054 1247 2119 uitium
1271 2055 1512 2139 grauissimum:

316 2177 489 2264 permirum
503 2177 588 2242 enim
611 2199 678 2241 esse
700 2181 736 2240 ut
759 2177 883 2240 dicatur
903 2176 1029 2241 Phaoni
1040 2177 1182 2240 carmina
1194 2175 1341 2260 Sapphus
1353 2176 1474 2260 legenti
1487 2175 1514 2264 ²)

315 2301 417 2386 ipsam
438 2301 577 2386 puellam
588 2300 688 2364 uisam
702 2322 768 2364 esse
779 2300 940 2384 pulcram3
953 2322 1042 2390 narn2
1053 2301 1089 2363 ut
1100 2299 1144 2365 ait
1156 2299 1328 2376 Baehrens,
1341 2303 1514 2383 quantum-

316 2423 396 2487 libet
426 2422 537 2507 pulcra
567 2425 645 2486 sunt
675 2422 833 2500 carmina,
865 2422 974 2486 foedae
998 2443 1054 2507 per
1077 2443 1109 2486 se
1132 2420 1225 2486 faciei
1248 2421 1330 2485 nihil
1353 2421 1409 2484 illa
1432 2421 1515 2485 lecta

317 2543 462 2607 adiciunt
491 2543 631 2620 decoris;
665 2564 724 2607 nec
756 2543 889 2608 Maximi
920 2543 1008 2628 Tyrii
1037 2543 1126 2608 locus
1150 2545 1184 2629 (l.
1211 2565 1306 2628 supra
1330 2542 1398 2629 all.)
1423 2544 1513 2628 quic-

318 2686 415 2748 quam
447 2665 487 2727 ad
518 2663 602 2729 hanc
632 2665 758 2748 quidem
791 2686 857 2729 rem
887 2664 975 2730 facit.
1008 2664 1132 2730 Deinde
1163 2686 1238 2729 uero
1267 2687 1377 2729 uersus
1408 2665 1514 2728 minor
1638 2655 1640 2658 ⁵

316 2808 383 2850 nou
415 2807 533 2850 nouam
563 2785 662 2851 infert
693 2788 884 2851 sententiam
916 2790 966 2874 (ut
999 2788 1181 2872 Lennepius
1204 2788 1324 2865 uoluit,
1349 2789 1393 2853 sio
1416 2788 1514 2852 disse·

270 2956 273 2960 -
317 2930 391 2972 rens
416 2930 503 2973 »non
527 2908 633 2972 minus
653 2929 830 2974 sermonem
844 2932 936 2974 suum
957 2910 1099 2974 audienti
1118 2932 1213 2996 quam
1234 2910 1375 2974 carmina
1395 2909 1515 2994 legenti

318 3029 471 3113 placuisse
490 3029 615 3095 Phaoni
636 3053 668 3094 se
692 3030 828 3095 affirmat
851 3031 1026 3116 Sappho”)‚
1054 3035 1108 3096 sed
1131 3032 1304 3097 arctissime
1324 3055 1397 3097 cum
1416 3031 1514 3096 hexa-

318 3152 420 3216 metro
450 3151 623 3217 cohaerens
655 3152 749 3217 huius
782 3154 974 3218 sententiam
1005 3154 1197 3238 amplificat,
1229 3156 1267 3217 ut
1295 3155 1364 3239 ipsa
1388 3153 1517 3218 distichi

318 3275 477 3339 structura
509 3275 615 3358 docet;
641 3275 783 3340 ostendit
803 3278 836 3339 et
858 3297 922 3339 uox
950 3276 1118 3341 »iurabas”
1144 3300 1209 3341 una
1232 3275 1329 3342 fuisse
1352 3276 1516 3341 Phaonem

320 3417 391 3460 cum
416 3396 564 3482 Sappho,
586 3399 619 3461 et
637 3396 717 3461 illud
742 3396 872 3481 »loqui'’
893 3397 978 3462 hano
998 3399 1190 3484 praelegisse
1207 3400 1343 3464 amatori
1363 3400 1515 3466 audienti.

319 3517 410 3583 Inter
433 3518 682 3603 praelegendum
706 3523 813 3583 autem
836 3543 908 3585 cum
928 3521 995 3605 ipse
1015 3520 1105 3585 furor
1123 3523 1269 3608 pulcrum
1289 3523 1396 3608 ignem
1417 3521 1516 3588 oculis

321 3640 490 3724 uultuique
513 3641 638 3724 puellae
660 3641 833 3707 instinctae
857 3644 1062 3728 adfunderet,
1088 3645 1195 3729 potuit
1218 3667 1294 3710 sane
1318 3646 1413 3710 etiam
1435 3666 1517 3730 quae

323 3761 473 3826 deformis
497 3765 566 3826 erat
589 3763 692 3826 uideri
715 3763 864 3829 formosa.

366 3883 553 3948 Rectissime
582 3884 682 3969 igitur
713 3907 785 3950 cum
812 3887 927 3951 uiderit
951 3887 1150 3953 Medenbaoh
1175 3889 1319 3954 Waklrer
1340 3889 1516 3954 tollendum

322 4029 387 4071 esse
412 4006 527 4071 uitium
552 4007 718 4072 scribendo
744 4011 870 4094 luperam
893 4032 951 4094 pro
976 4012 1102 4096 luperca,
1127 4011 1195 4074 iure
1217 4015 1325 4076 tamen
1350 4035 1368 4076 a
1391 4012 1517 4077 Lanue-

322 4128 375 4213 pio
409 4127 436 4192 ei
467 4130 515 4192 est
538 4128 698 4193 obiectum
721 4129 845 4195 hiatum
869 4131 913 4196 sic
937 4131 1017 4197 effici
1040 4133 1072 4195 in
1098 4154 1190 4196 uersu
1216 4154 1281 4196 non
1305 4133 1517 4199 tolerandum.

325 4249 428 4326 Quare
452 4249 555 4314 multo
579 4251 690 4316 melius
714 4254 763 4316 est
787 4253 872 4338 quod
895 4253 1062 4338 proposuit
1085 4253 1266 4319 Baehrens:

357 4461 384 4526 1)
402 4463 521 4513 Amoenit.
539 4464 614 4514 litter.
633 4482 652 4514 c.
672 4467 746 4515 Xlll.
764 4482 786 4530 p.
806 4467 863 4515 115.

354 4545 380 4606 2)
398 4545 463 4594 Illud
489 4549 574 4611 lepores
599 4547 727 4614 explicasse
751 4563 795 4614 per
821 4549 918 4615 aliperer
945 4549 1003 4599 Bad.
1026 4550 1164 4601 lacensium
1187 4550 1238 4602 sinc
1259 4551 1309 4603 risu
1330 4552 1372 4602 nix
1393 4543 1519 4618 ¹possumus

324 4643 463 4680 memorare.
