3380 5346
768 397 808 465 81

193 582 316 643 merent
338 600 402 664 quo
422 580 679 646 demonstrarent
699 604 827 646 carmen
847 581 887 646 ab
907 580 1022 647 Ouidio
1044 604 1110 647 esse
1130 582 1385 650 abiudicandum.

193 697 393 786 Quapropter
420 723 534 787 operae
557 703 695 788 pretium
719 707 825 768 66161
848 706 887 768 (16
910 703 1063 769 hocloco
1087 705 1264 770 accuratius
1288 705 1387 770 disse·

191 843 308 887 ramus.

238 943 381 1009 Primum
404 946 634 1032 uituperandus
659 951 708 1013 est
731 970 841 1013 uersus
864 948 906 1013 ob
929 950 1076 1014 metricae
1094 949 1251 1034 rationes,
1272 950 1389 1035 quippe

193 1067 249 1151 qui
272 1069 437 1133 contineat
459 1070 618 1155 duplicem
644 1109 683 1121 -
710 1074 785 1156 post
808 1075 978 1136 secundam
1003 1073 1098 1137 simul
1118 1076 1151 1137 et
1171 1075 1317 1156 quartam
1336 1095 1387 1137 ar·

194 1188 244 1254 sin
274 1227 314 1238 —
348 1212 527 1276 caesuram,
559 1192 672 1276 cuique
702 1193 833 1278 insuper
864 1215 920 1278 pes
941 1194 1063 1278 primus
1085 1194 1241 1259 uocabulo
1264 1197 1390 1259 constet

193 1314 382 1398 spondaico,
414 1315 499 1400 quod
522 1315 611 1380 nullo
636 1317 779 1401 exemplo
803 1315 931 1381 defendi
954 1320 1062 1402 potest
1074 1313 1110 1404 ¹).
1135 1316 1218 1382 Tum
1230 1317 1390 1382 sententia

193 1434 297 1500 uerbis
328 1435 445 1500 idonea
476 1458 543 1501 non
573 1438 666 1504 inest.
697 1437 845 1516 Etenim,
869 1441 907 1502 ut
929 1442 1014 1503 recte
1037 1438 1186 1504 obseruat
1208 1438 1388 1517 Baehrens,

193 1556 215 1622 l.
228 1557 250 1622 1.
275 1581 306 1642 p.
329 1557 390 1637 59,
417 1558 531 1623 Latine
555 1581 621 1624 non
645 1559 762 1624 dicitur
785 1560 874 1625 dolor
897 1583 927 1625 66
950 1563 1085 1644 inuenit,
1110 1563 1164 1625 sed
1191 1561 1390 1627 (161661666-

193 1680 241 1743 611
275 1681 343 1746 iter.
380 1677 564 1765 Comparati
595 1702 670 1745 uero
702 1680 1388 1768 6666116616(61166.ΙΙ.21)Ρ61666.47

193 1825 245 1866 aec
274 1805 383 1867 medici
413 1826 443 1868 aa
466 1806 628 1868 inueniunt
650 1807 682 1868 et
706 1803 825 1868 Seneca
848 1804 887 1867 de
911 1802 1015 1867 benef.
1040 1802 1081 1868 V.
1110 1803 1151 1868 12
1176 1806 1336 1891 minaequc
1360 1826 1390 1868 sc

194 1927 353 1989 inueniunt
367 1924 392 2009 ²)
412 1925 570 2009 peculiare
590 1929 758 2010 argenteae
778 1925 964 1990 Latinitatis
984 1945 1086 2009 genus
1106 1924 1232 1988 dicendi
1250 1946 1389 2008 sequnn-

194 2049 264 2124 tur,
296 2045 530 2129 significatione
561 2069 579 2110 a
610 2049 720 2111 nostro
744 2046 814 2111 loco
838 2047 984 2111 alienum.
1011 2047 1124 2111 Altera
1148 2048 1254 2111 autem
1277 2046 1388 2124 lectio,

194 2188 290 2251 quam
325 2167 453 2231 exhibet
476 2167 521 2232 H.
547 2190 619 2232 cum
643 2169 713 2232 aliis
736 2168 943 2252 quibusdam,
968 2169 1143 2255 Postquam
1167 2191 1197 2234 sc
1220 2169 1310 2234 (16166
1328 2171 1389 2232 im-

194 2291 326 2367 minuit,
353 2311 451 2374 aeque
474 2293 522 2354 est
544 2290 813 2375 reprehendenda.
838 2289 923 2355 Nam
948 2294 980 2355 et
1004 2293 1140 2355 metrum
1164 2291 1273 2356 eodem
1298 2288 1389 2355 labo-

195 2413 246 2475 rat
269 2411 366 2490 nitio,
398 2414 431 2476 et
461 2411 632 2476 uerborum
656 2413 817 2477 sententia
840 2412 1005 2496 proposito
1028 2412 1123 2496 plane
1147 2414 1196 2476 est
1218 2412 1388 2479 contraria.

196 2528 272 2597 Non
307 2533 391 2596 enim
425 2532 478 2597 hic
509 2533 615 2619 agitur
646 2534 685 2598 de
716 2534 824 2599 dolore
855 2534 1022 2619 paullatim
1053 2533 1242 2611 imminuto,
1273 2534 1327 2600 sed
1351 2534 1391 2599 de

197 2653 297 2718 animi
329 2654 444 2719 affectu
474 2657 541 2719 tam
573 2655 638 2720 acri
670 2658 703 2720 et
731 2655 928 2740 uehementi,
953 2657 991 2720 ut
1014 2655 1137 2740 poetria
1161 2654 1391 2740 desperationis

196 2776 292 2861 plena
322 2780 433 2862 pectus
463 2777 600 2862 plangat
623 2778 790 2862 scissisque
814 2777 955 2842 crinibus
978 2780 1115 2844 maestos
1139 2777 1214 2842 edat
1238 2777 1390 2843 ululatus.

195 2896 363 2963 Eiusmodi
387 2902 494 2963 autem
518 2899 658 2964 dolorem
682 2899 857 2965 uiolentum
881 2904 913 2964 et
935 2900 1122 2964 effrenatum
1149 2899 1325 2985 comparari
1350 2899 1390 2964 ab

197 3018 311 3084 Ouidio
341 3019 490 3084 obseruat
519 3021 681 3085 Baehrens
712 3043 784 3085 cum
815 3043 909 3085 amne
941 3041 1059 3106 magno
1079 3021 1200 3105 impetu
1223 3023 1388 3086 currente:

197 3163 245 3218 ex,
259 3141 353 3208 Pont.
379 3141 436 3208 lV.
464 3145 514 3206 ll.
542 3143 602 3208 18:
627 3146 701 3208 dum
725 3144 868 3208 (1616616
892 3167 983 3208 cursu
1005 3156 1063 3220 est3
1089 3141 1167 3209 Met.
1189 3142 1283 3218 XIII.
1306 3143 1389 3208 508:

197 3266 230 3328 im
254 3287 401 3350 cursuque
424 3287 509 3329 meus
531 3265 621 3329 616166
642 3279 686 3329 est
709 3264 775 3344 (Sil.
800 3264 873 3331 Ital.
899 3264 991 3330 VIII.
1017 3265 1100 3328 209:
1126 3267 1276 3330 undantes
1299 3287 1390 3350 66966

191 3385 343 3470 frenabat
365 3389 452 3451 corde
475 3387 615 3473 (1616666).
640 3385 819 3451 Restituere
837 3386 936 3470 igitur
959 3387 1030 3451 uult
1053 3385 1158 3450 locum
1182 3385 1366 3450 scribendo:

416 3553 423 3568 .
514 3508 688 3593 Postquam
712 3531 745 3574 se
767 3509 860 3573 dolor
882 3511 1001 3574 immisit
1024 3511 1084 3574 cet.

227 3625 321 3708 Sed,
359 3650 436 3715 pace
467 3629 508 3696 V.
533 3628 581 3695 (11.
615 3630 764 3714 discrim,
797 3652 837 3694 ne
868 3630 913 3695 sie
931 3630 1060 3715 quidem
1079 3650 1128 3693 res
1148 3621 1296 3714 expedita
1312 3628 1391 3692 mihi

197 3750 333 3817 uidetur.
357 3751 449 3827 Quod
472 3751 557 3816 enim
582 3755 622 3816 ad
646 3756 782 3816 metrum
807 3752 942 3830 attinet,
965 3751 1046 3815 nihil
1064 3750 1264 3835 proficimus:
1283 3751 1393 3815 manet

197 3876 306 3940 eadem
341 3896 450 3939 uersus
472 3874 593 3950 forma,
620 3894 715 3958 quam
736 3873 811 3938 ferri
829 3895 895 3938 non
915 3893 1007 3958 posse
1026 3892 1120 3957 supra
1139 3871 1274 3937 osten'di.
1295 3870 1391 3936 Prae-

198 3999 285 4062 terea
308 4000 414 4062 autem
441 4017 508 4060 non
532 3996 719 4061 crediderim
742 3994 840 4060 uerba
862 3995 951 4060 dolor
973 4017 1003 4059 66
1026 3996 1157 4058 immisit
1180 3993 1225 4058 616
1249 3992 1392 4058 absolute

198 4118 303 4204 posita
334 4121 419 4182 recte
450 4139 516 4182 sese
543 4117 673 4196 habere;
701 4139 776 4182 nam
801 4138 872 4181 cum
897 4115 1023 4200 egregie
1047 4115 1172 4180 dicatur
1195 4114 1337 4178 »medios
1360 4134 1393 4177 66

198 4240 331 4304 immisit
362 4240 397 4303 in
425 4240 554 4304 hostes”
579 4243 612 4304 et
635 4237 767 4318 similia,
793 4240 912 4303 nudum
937 4238 1017 4302 illud
1041 4261 1071 4303 ac
1094 4239 1259 4302 immittere
1282 4235 1390 4317 nullo,

197 4365 357 4446 quantum
381 4362 464 4441 scic,
489 4362 634 4447 exemplo
659 4360 893 4446 comprobatur.

232 4561 259 4625 1)
278 4561 314 4609 Ol.
334 4560 396 4618 Birt,
416 4559 480 4607 Mus.
498 4554 573 4603 Rhcn.
593 4552 701 4601 XXXII.
719 4568 742 4616 p.
762 4552 824 4616 390.Ι
836 4549 1000 4614 Eschenturg,
1020 4546 1095 4598 Matr.
1117 4546 1210 4597 Uectem.
1229 4562 1251 4611 p.
1270 4545 1315 4604 11;
1334 4542 1375 4593 19.
1485 4564 1487 4569 ’

232 4643 258 4706 2)
277 4643 313 4692 Of.
334 4643 434 4692 Patron.
453 4639 515 4697 119,
532 4637 577 4687 24:
596 4634 690 4699 quaerit
706 4650 730 4682 se
747 4637 833 4683 natura
849 4649 925 4698 neque
940 4631 1040 4681 inuenit.
1278 4695 1292 4742 6
