3380 5346
728 395 770 460 93

197 583 255 650 Vs.
281 583 356 649 154.
380 580 539 648 Ooscrarr
563 580 726 646 Isularvu
750 579 898 645 Dlvnns
923 599 1003 644 laus
1027 579 1118 646 Iura.
1143 577 1269 646 cf.Am.
1284 577 1348 646 ΙΠ.

153 709 206 772 12.
232 709 290 773 32:
316 705 465 771 Concinit
488 704 660 788 Odrysium
685 700 833 787 Cecropis
856 703 921 767 ales
945 702 1033 786 Ityn.

151 827 237 894 Fast.
262 826 321 893 IV.
346 828 431 892 482:
458 830 586 892 ....ut
610 825 761 890 amissum
785 847 858 889 cum
881 823 981 908 gemit
1006 823 1071 888 ales
1094 823 1181 908 Iyn.

152 950 192 1016 cf.
217 949 345 1016 Consol.
371 951 412 1013 ad
435 948 506 1012 Liu.
532 949 613 1012 10οε
639 946 744 1011 Deflet
767 945 950 1011 Threicium
974 945 1107 1011 Daulias
1131 945 1196 1010 ales
1222 943 1306 1030 Ityn.

196 1072 388 1157 Exemplum
418 1071 569 1156 imaginis
600 1069 714 1148 huius,
748 1091 766 1132 a
789 1069 944 1135 lusciniae
968 1072 1085 1133 natura
1109 1069 1296 1153 desumptae
1319 1072 1351 1133 et

154 1195 238 1280 apud
271 1197 382 1280 poetas
413 1196 479 1258 tam
502 1192 693 1277 frequentis,
721 1191 849 1257 uidetur
873 1191 1100 1276 praeeuntibus
1125 1190 1266 1256 Homero
1291 1189 1351 1257 Od.

156 1316 248 1383 XIX.
279 1317 345 1381 518
376 1338 443 1401 sqq.
477 1319 509 1380 et
539 1313 737 1380 Callimacho
768 1313 888 1398 Hymn.
924 1312 965 1380 V.
991 1315 1035 1379 94
1059 1316 1181 1379 dedisse
1205 1312 1352 1379 Catullus

157 1438 257 1505 LXV.
285 1440 326 1503 13
351 1460 415 1523 sq.:

339 1559 452 1635 Qualia
476 1561 535 1624 sub
561 1560 667 1625 densis
691 1580 853 1624 ramorum
877 1558 1020 1623 concinit
1045 1559 1165 1624 umbris

385 1681 517 1746 Daulias
540 1681 700 1766 absumpti
724 1680 792 1746 fata
816 1669 947 1765 gemens
971 1681 1060 1764 Ityli.

160 1805 201 1872 of.
227 1805 321 1890 Prop.
346 1803 406 1869 III.
434 1805 487 1870 10.
515 1805 573 1868 10:
598 1805 749 1888 Increpet
771 1805 976 1889 absumptum
999 1825 1059 1868 neo
1083 1826 1141 1868 sua
1153 1807 1255 1869 mater
1267 1805 1355 1890 Ityn.
1431 1796 1438 1808 Χ

206 1926 387 1992 canonae
409 1927 450 1990 ae
474 1926 559 1991 hune
584 1949 631 1990 us.
656 1925 776 1990 Theou.
801 1926 874 1990 ent
897 1926 932 2012 (ι.
946 1926 967 1992 1.
990 1907 1021 2011 p'.
1044 1928 1168 1993 esen.
1184 1929 1233 2013 a:
1251 1927 1357 1993 >ver-

162 2071 214 2113 sus
238 2047 394 2113 Amorum
418 2048 480 2113 III.
508 2049 562 2113 12.
589 2049 630 2113 32
656 2049 799 2113 uariatur
821 2049 856 2112 in
880 2071 912 2114 u.
941 2048 1022 2125 154;
1046 2047 1181 2114 Ouidius
1204 2048 1239 2113 ni
1261 2047 1358 2113 fallor

162 2187 219 2236 sua
242 2172 340 2236 uerba
362 2169 573 2256 repetiisset”.
597 2169 646 2234 De
668 2169 847 2235 istiusmodi
870 2170 988 2235 iudicio
1008 2171 1085 2235 satis
1104 2192 1261 2256 superque
1273 2170 1357 2234 dixi-

164 2316 236 2357 mus
260 2293 300 2357 ad
323 2315 370 2358 us.
397 2293 450 2358 79.
586 2297 587 2300 ’

210 2414 259 2479 De
281 2414 335 2498 Ity
359 2418 582 2499 comparentur
603 2436 728 2499 quoque
752 2414 845 2480 Trist
870 2413 913 2480 II.
942 2417 1025 2481 390:

254 2552 257 2559 '
302 2536 451 2621 Quaeque
474 2559 567 2601 suum
589 2536 681 2620 luget
702 2557 789 2600 nunc
811 2556 937 2621 quoque
960 2540 1062 2600 mater
1087 2537 1175 2620 Ityn.

167 2657 242 2725 Am.
267 2659 312 2724 II.
338 2660 368 2723 0.
396 2659 455 2746 10;
480 2658 601 2742 Magna
624 2658 678 2723 sed
701 2657 827 2742 antiqui
853 2680 948 2723 causa
971 2658 1089 2723 doloris
1115 2659 1194 2742 Itys.

168 2781 245 2848 Am.
269 2782 313 2847 II.
341 2781 393 2847 14.
421 2782 483 2846 3οι
505 2780 598 2865 Aque
620 2803 677 2846 sua
701 2803 827 2846 caesum
850 2784 953 2847 matre
976 2784 1154 2866 queruntur
1179 2781 1265 2867 Ityn.

215 2903 379 2969 Isnnarvn
410 2901 489 2967 Ilm
521 2905 559 2968 ut
586 2903 687 2968 filium
719 2903 825 2983 Terei,
853 2903 1013 2968 Thracum
1036 2904 1138 2991 regis3
1163 2904 1203 2970 cf.
1232 2904 1361 2976 Henl.

171 3023 234 3103 46,
259 3022 387 3090 ὒοῑιεοί.
413 3025 453 3088 ad
476 3024 548 3090 Liu.
575 3025 655 3102 100,
680 3027 741 3089 cet.

215 3145 363 3212 Davtrls
394 3166 476 3210 anns
507 3145 622 3212 dieitur
652 3145 775 3211 Procne
807 3169 826 3210 a
855 3145 1009 3226 Daulide,
1038 3147 1188 3213 Phocidis
1210 3149 1361 3234 regione,

172 3268 228 3333 ubi
250 3267 408 3352 regnabat
431 3267 548 3333 Tereus
572 3268 679 3354 (Paos.
704 3265 731 3333 Ι.
757 3268 825 3354 41).
852 3269 892 3335 cf.
917 3269 1018 3336 Thuc.
1040 3269 1082 3335 ΙΙ.
1108 3272 1161 3338 29.
1188 3273 1225 3337 3:
1251 3273 1281 3336 ἐν
1305 3275 1364 3348 cin-

171 3389 251 3460 δόνος
282 3389 388 3471 μνήμῃ
418 3391 562 3462 Aenaria
595 3391 612 3464 ἡ
643 3388 716 3470 ὅρνις
750 3390 978 3468 ἐπωνόμασται.
999 3390 1104 3456 Aliter
1127 3393 1301 3478 explicauit
1322 3393 1363 3459 A.

172 3511 266 3576 ense
297 3510 431 3597 (Annei.
457 3511 535 3597 phil.
560 3513 593 3576 et
616 3515 707 3596 paee.
733 3509 834 3578 cxv.
863 3513 960 3578 1877.
984 3537 1016 3599 p.
1042 3514 1121 3599 231)
1147 3497 1289 3582 naara
1314 3519 1366 3580 ee

174 3633 282 3697 riuans
313 3656 332 3698 a
356 3633 487 3713 aeonae,
515 3638 705 3718 uertensque
729 3633 918 3699 Germanice
944 3638 1012 3700 »die
1024 3634 1365 3720 SaenyerindesDick·

174 3754 284 3833 iette'’‚
309 3755 363 3841 (cf.
389 3754 484 3840 Soph.
512 3755 549 3821 0.
575 3754 610 3822 0.
636 3757 701 3821 672
726 3757 823 3840 sqq).-

221 3875 273 3944 Vs.
309 3876 383 3941 155.
415 3897 496 3943 Anus
528 3879 615 3943 Iura.
649 3877 739 3942 Anus
770 3878 869 3943 Irrn:
904 3878 1058 3943 eiusmodi
1086 3880 1304 3964 repetitionis,
1330 3883 1367 3946 ut

176 3999 291 4063 ultima
333 4002 527 4085 pentametri
569 4000 667 4065 uerba
706 4000 810 4085 prima
845 4000 910 4064 sint
945 3999 1121 4066 hexametri
1154 4002 1370 4087 insequentis,

178 4121 280 4185 multa
311 4123 396 4206 apud
421 4120 578 4187 ,Ouidium
610 4121 755 4206 exempla
784 4124 930 4200 exstant,
963 4122 1063 4188 ueluti
1098 4121 1140 4188 A.
1172 4123 1212 4189 A.
1244 4124 1270 4190 I.
1304 4124 1369 4190 536

180 4265 247 4328 sq.:
272 4247 370 4330 »quid
392 4246 471 4309 mihi
486 4243 591 4332 fiet?”
616 4243 701 4326 ait,l
726 4243 835 4323 »Quid
857 4242 1040 4330 mitifiet?”
1052 4247 1115 4330 ait3
1129 4245 1215 4311 Fast.
1228 4245 1287 4310 III.
1303 4247 1369 4311 724

180 4387 245 4450 sq.:
270 4369 417 4430 carminis
443 4367 532 4430 huius
555 4390 640 4454 opus,
665 4367 674 4450 Ι
704 4351 860 4430 Carminis
879 4366 970 4429 huius
990 4389 1085 4454 opus;
1104 4365 1179 4433 Her.
1195 4366 1288 4433 XIII.
1305 4367 1369 4431 140

182 4508 248 4570 sq.:
273 4511 363 4550 arma
388 4488 481 4551 dabit.
508 4486 517 4571 Ι
545 4487 644 4552 Arma
671 4489 766 4552 dabit.

230 4627 396 4672 nuenaros
421 4627 549 4672 lucens
573 4611 697 4674 mutare
719 4610 824 4674 uoluit
845 4608 999 4675 Francius
1010 4610 1045 4675 in
1066 4613 1249 4698 discerptos,
1269 4609 1373 4676 diuat-
