3380 5346
750 402 813 464 123

181 585 217 649 in
252 565 298 650 eo
322 587 567 670 epigrammate,
601 579 752 670 inquam,
784 584 988 671 Sapphonem
1019 586 1187 672 coniungit
1211 586 1373 653 Ausonius

181 729 253 771 cum
286 710 438 790 quattuor
469 729 579 772 earum
604 708 745 791 ipsarum
768 706 962 786 Heroidum,
988 730 1066 793 quas
1089 709 1284 773 amatoribus
1308 709 1374 774 suis

180 828 330 912 epistulas
362 828 560 894 »Heroides'’
592 829 729 894 scribere
760 829 855 894 finxit
885 828 1028 894 Ouidius.
1060 828 1183 895 Deinde
1212 831 1248 894 in
1276 828 1371 918 Capi-

179 952 249 1014 diae
272 953 421 1029 cruciato,
446 951 501 1014 ubi
525 951 593 1035 agit
617 953 656 1014 de
679 951 807 1015 feminis
829 950 981 1016 fabulosis
1004 975 1083 1037 quas
1146 1005 1148 1008 .

452 1072 548 1136 durus
572 1094 661 1137 amor
685 1072 804 1137 crudeli
826 1073 900 1137 tabe
925 1073 1065 1157 peredit,

181 1197 306 1278 praeter
338 1216 389 1258 eas
420 1215 499 1278 quas
533 1193 702 1260 manifesto
734 1195 910 1280 desumpsit
938 1217 954 1259 e
987 1195 1086 1280 Verg.
1118 1193 1200 1260 Aen.
1225 1194 1280 1260 vl.
1306 1196 1372 1260 442

181 1337 266 1400 sqq.‚
298 1315 370 1379 illas
400 1320 528 1380 tantum
557 1316 723 1394 nominat,
754 1339 888 1401 quarum
917 1317 1023 1382 miseri
1047 1338 1169 1382 amores
1195 1320 1373 1382 tractantur

180 1437 220 1501 ab
246 1435 360 1501 Ouidio
384 1439 497 1502 autin
520 1437 650 1503 Metam.
679 1443 735 1503 aut
758 1439 793 1502 in
820 1438 916 1516 Her,
941 1439 975 1502 in
999 1439 1050 1503 his
1067 1438 1189 1517 Heme,
1210 1437 1371 1515 (lanatae,

180 1557 358 1636 Ariadnae,
384 1558 505 1623 inillis
532 1558 690 1638 Semelae,
715 1557 879 1644 Myrrhae,
907 1559 1054 1625 Thisbae.
1079 1560 1167 1625 Inter
1191 1581 1243 1625 eas
1267 1564 1372 1624 autem

181 1681 390 1745 consimiliter
419 1702 548 1765 prorsus
581 1685 677 1765 atque
701 1683 785 1765 apud
810 1680 960 1746 Ouidium
985 1683 1204 1746 enumeratam
1228 1681 1373 1746 uidemus

180 1802 396 1887 Sapphonem.
430 1801 499 1878 Qua
529 1804 564 1867 in
587 1824 621 1867 re
644 1803 720 1888 quin
746 1803 890 1867 imitatus
913 1803 954 1868 sit
978 1803 1142 1867 Ausonius
1164 1803 1270 1887 ipsum
1294 1801 1372 1867 Oui·

181 1924 269 1989 dium
296 1962 336 1972 —
364 1947 457 2008 quern
481 1927 512 1988 et
536 1923 614 1988 alibi
636 1925 670 1989 in
695 1947 787 1989 usum
811 1925 970 1993 conuert't
994 1925 1175 2009 saepissime
1189 1922 1215 2010 ¹)
1236 1961 1280 1974 -
1300 1924 1372 1988 nul·

181 2046 230 2110 lus
262 2047 391 2124 dubito,
422 2068 495 2111 cum
525 2047 711 2131 praesertim
742 2068 778 2110 ea
808 2068 889 2130 quae
922 2046 961 2110 de
995 2045 1125 2111 feminis
1162 2045 1226 2112 illis
1260 2048 1371 2110 narrat

181 2167 342 2234 Ausonius
375 2169 492 2233 multas
524 2168 665 2233 habeant
696 2167 921 2233 similitudines
953 2189 1024 2232 cum
1056 2166 1095 2232 iis
1125 2188 1207 2252 quae
1229 2167 1375 2232 scribunt

180 2290 255 2355 illae
274 2293 359 2374 apud
378 2289 409 2355 N
411 2277 550 2355 aeonem.
573 2290 624 2356 Sic
645 2289 767 2354 Auson.
782 2289 861 2374 (lup.
876 2310 958 2354 crue.
973 2311 1020 2354 us.
1035 2291 1076 2352 22
1090 2311 1134 2373 sq.
1150 2293 1375 2373 comparentur

183 2435 255 2478 cum
287 2411 381 2477 Ouid.
414 2411 491 2479 Her.
524 2412 648 2478 XVIII.
676 2412 736 2488 35,
760 2435 804 2476 us.
833 2413 871 2476 31
901 2433 974 2477 cum
998 2410 1074 2476 Her.
1099 2410 1140 2476 X.
1167 2411 1374 2489 7201103,

184 2557 246 2602 uss.
273 2536 406 2600 38-39
431 2557 503 2599 cum
526 2534 602 2599 Her.
628 2533 685 2599 XI.
712 2536 750 2618 3,
776 2538 835 2599 cet.

231 2659 400 2740 Attamen,
426 2660 558 2741 quaerat
580 2657 757 2742 quispiam,
782 2657 809 2721 si
831 2678 941 2721 reuera
966 2654 1129 2721 Ausonius
1147 2655 1294 2741 Sapphus
1307 2656 1374 2741 epi·

184 2779 319 2857 stolam,
351 2801 447 2863 quam
472 2779 632 2863 scripserit
656 2777 790 2843 Ouidius
815 2779 903 2864 (Am.
930 2777 972 2843 ΙΙ.
1000 2780 1052 2844 18.
1078 2777 1151 2863 26),
1178 2781 1218 2842 ad
1242 2800 1375 2842 manum

184 2902 350 2980 habuerit,
377 2924 418 2965 an
443 2901 503 2966 hoc
526 2902 590 2966 iam
614 2902 820 2986 comprobare
843 2901 945 2985 possit
967 2899 1064 2968 fuisse
1074 2901 1164 2966 illam
1176 2902 1279 2985 ipsam
1292 2902 1376 2966 hanc

185 3024 353 3108 epistulam
385 3045 480 3108 quam
514 3044 602 3087 nunc
620 2995 829 3086 habeamus?
862 3020 952 3097 Quod
982 3045 1177 3107 quamquam
1207 3043 1265 3108 pro
1289 3026 1375 3088 certo

185 3144 341 3209 affirmare
372 3144 458 3209 haud
482 3147 651 3221 audemus,
677 3144 744 3206 ueri
767 3148 877 3208 tamen
900 3143 1166 3208 estsimillimum.
1185 3141 1378 3230 congruunt

170 3268 270 3358 enim
301 3267 385 3331 inter
417 3289 449 3331 se
472 3289 569 3350 quam
591 3265 728 3330 maxime
751 3287 832 3349 quae
856 3265 891 3329 in
916 3265 1052 3350 epistula
1078 3267 1188 3330 nostra
1211 3270 1288 3330 sunt
1311 3269 1375 3330 tra·

185 3389 253 3452 dita
276 3391 309 3453 et
332 3387 452 3453 Auson.
480 3387 559 3472 (lup.
585 3409 668 3454 crue.
692 3409 739 3452 us.
763 3386 807 3451 24
831 3409 898 3471 sq.:

393 3510 438 3574 Et
461 3512 500 3574 de
524 3511 668 3575 nimboso
692 3509 810 3574 saltum
833 3509 972 3574 Leucate
996 3510 1137 3574 minatur

391 3631 533 3697 Mascula
556 3631 715 3696 Lesbiacis
739 3630 870 3716 Sappho
890 3631 1031 3716 peritura
1055 3631 1180 3716 sagittis
1194 3629 1232 3718 ⁹).

184 3756 296 3841 Neque
318 3756 381 3819 alia
405 3757 521 3820 desunt
543 3755 578 3818 in
597 3753 734 3818 Ausonii
755 3753 949 3818 carminibus
972 3753 1107 3831 indicia,
1132 3754 1248 3838 quibus
1269 3758 1374 3818 osten·

186 3880 279 3942 datur
299 3877 393 3942 fuisse
412 3877 460 3941 illi
479 3877 647 3962 epistulam
668 3877 753 3940 haud
766 3876 920 3960 ignotam.
935 3874 1045 3940 Veluti
1056 3874 1175 3959 Sapph.
1190 3897 1240 3959 ep.
1253 3898 1300 3940 us.
1315 3877 1376 3942 93:
1483 3874 1498 3916 ‘·

221 4123 247 4188 1)
267 4122 390 4171 Nonnulla
408 4122 515 4188 exempla
531 4123 635 4188 protulit
652 4123 679 4171 A.
698 4122 819 4186 Zingerle,
836 4137 867 4170 cu
881 4126 942 4185 aptit.
962 4120 1044 4170 101010.
1055 4120 1174 4169 Dichtem
1190 4120 1255 4168 Fusa.
1267 4120 1377 4182 I.(0eni·

184 4209 250 4272 pont.
270 4204 355 4269 1873).
375 4221 397 4269 p.
417 4205 463 4262 363
483 4206 513 4254 39
533 4221 582 4269 sqq.
967 4203 972 4216 ’
1075 4214 1078 4222 ’

218 4288 246 4353 2)
265 4288 294 4336 In
314 4287 417 4336 editione
436 4287 564 4336 nouissima
582 4289 650 4336 docet
666 4287 769 4336 Schenkl
786 4287 849 4338 hune
866 4302 961 4336 uersam
971 4287 1002 4334 25
1013 4286 1038 4334 in
1047 4286 1150 4334 editione
1160 4285 1256 4348 Vgoleti
1265 4300 1303 4333 an.
1313 4285 1378 4334 14⁹⁹

184 4371 279 4418 demum
305 4385 353 4418 0000
379 4368 486 4417 additum
513 4373 540 4418 ut
566 4366 702 4434 expleretur
727 4371 824 4428 lacuna,
851 4385 911 4433 quae
932 4373 986 4434 post
1009 4367 1304 4418 002410001100001.
1325 4367 1379 4414 Hoc

183 4455 263 4500 tamen
290 4452 519 4514 argumentationem
546 4455 651 4500 nostram
678 4468 725 4500 non
751 4451 869 4516 infringit.
897 4451 1028 4516 Praecipua
1054 4452 1118 4500 enim
1136 4466 1173 4498 rea
1190 4452 1225 4498 est
1242 4447 1308 4497 nobis
1325 4464 1379 4497 cum

184 4548 254 4581 uersu
281 4532 373 4598 priori;
392 4535 471 4581 aetum
490 4536 570 4582 autam
587 4533 612 4581 iu
630 4549 664 4581 us.
683 4534 714 4582 25
733 4537 757 4584 01
775 4533 898 4582 elimasse
918 4533 946 4583 de
963 4533 1088 4599 Sapphone
1104 4532 1153 4596 ipse
1171 4533 1296 4580 contextus
1315 4537 1379 4578 certe

184 4614 336 4666 demonstrat.
