3386 5346
772 425 814 492 37

193 633 267 697 pag.
305 612 358 676 64.
393 609 485 687 Quod
520 632 576 675 eur
610 609 650 676 N.
684 609 835 674 Heinsius
870 613 1042 694 praeeunie
1078 609 1213 676 Oiofano
1251 633 1289 674 ex
1326 631 1390 674 uno

193 733 330 817 uilisque
353 732 448 818 pretii
469 732 576 797 codiee
601 731 711 796 Meffei
736 732 866 796 mutaris
887 732 923 795 in
947 734 1085 819 inspecta
1110 753 1176 796 non
1201 732 1306 796 uideo.

238 853 421 920 Srvmosrr
447 874 613 932 remees,
639 853 700 918 tibi
722 853 900 932 studentis,
926 858 959 919 te
980 854 1136 932 semeriis,
1160 855 1197 917 ut
1215 853 1311 918 TrisI.
1332 853 1391 919 IV.

197 977 249 1041 10.
275 977 316 1043 91
343 998 411 1062 sq.:

689 1101 742 1166 Ad
766 1122 824 1166 uos
846 1101 989 1166 studiosa
1011 1105 1156 1167 reuertor

421 1222 572 1302 Pectora,
597 1223 652 1308 qui
673 1224 758 1288 uitae
782 1223 934 1307 quaeriris
959 1228 1031 1287 aete
1055 1245 1155 1287 meae.

238 1344 291 1409 Ita
321 1346 354 1409 et
383 1345 479 1410 Trisi.
512 1346 538 1410 l.
565 1346 595 1412 2.
622 1347 682 1410 77:
710 1345 888 1432 Neopem,
912 1347 1089 1432 puerperii
1111 1347 1267 1431 quendem
1291 1347 1391 1409 studi·

193 1490 263 1532 esus
286 1467 445 1545 Acherram
470 1467 501 1532 h.
516 1491 541 1533 e.
568 1469 700 1553 cupidus
723 1467 870 1532 Athenas
891 1467 1037 1552 uidendi,
1060 1469 1096 1531 ui
1116 1471 1200 1532 reete
1219 1459 1392 1551 explieeuii

193 1585 407 1654 Burmannus.
433 1589 472 1654 ef.
499 1590 594 1654 Trist.
621 1590 656 1655 V.
685 1592 715 1655 1.
742 1592 758 1654 1
785 1613 831 1674 sq.

329 1709 426 1776 Hune
449 1734 575 1797 quoque
599 1715 637 1778 de
662 1709 791 1792 Getico,
818 1713 922 1778 nostri
945 1712 1102 1788 studiose,
1126 1711 1270 1776 libellum

373 1833 480 1898 Litore
503 1835 683 1919 praemissis
707 1837 860 1919 quaiiuor
882 1836 962 1899 adde
986 1835 1073 1898 meis.

237 1953 418 2020 Studiorum
449 1977 524 2020 uero
556 1955 702 2020 absolube
733 1955 873 2041 positum
907 1958 939 2019 et
968 1955 1167 2019 »litterarum
1191 1954 1386 2039 studiosum,

191 2075 306 2140 litteris
330 2076 510 2142 eruditum”
533 2098 625 2161 posse
648 2076 830 2161 significare
844 2049 884 2124 ’ὲ
898 2078 983 2160 quod
1008 2080 1105 2159 neget
1129 2075 1334 2140 Burmannus
1346 2076 1387 2140 ed

192 2196 224 2261 h.
249 2220 296 2263 us.
319 2237 360 2246 -
382 2202 467 2264 cerie
497 2201 603 2284 potesi
631 2199 861 2275 demonsIrari3
885 2198 926 2263 ef.
951 2220 976 2264 e.
991 2218 1023 2282 g.
1048 2198 1127 2262 Hor.
1153 2197 1213 2282 Ep.
1238 2198 1264 2264 I.
1291 2199 1322 2262 3.
1347 2198 1385 2262 6:

193 2295 351 2386 »studiosa
382 2321 521 2406 eohorr'’,
551 2323 592 2386 ad
622 2342 785 2406 quemue.
811 2320 873 2384 alia
896 2320 999 2385 mulia
1021 2321 1166 2406 exempla
1188 2320 1387 2405 collegerunt

190 2443 390 2530 interpretes.

236 2564 292 2631 νε.
319 2567 417 2631 3-4.
441 2566 513 2646 Ar,
533 2586 601 2632 rrsr
622 2585 777 2630 remeses
797 2586 954 2632 sveroms
975 2586 1101 2630 somme
1120 2564 1289 2642 Serrium,
1309 2563 1383 2629 Hoc

193 2708 297 2751 serve
322 2707 480 2753 srserrms
505 2709 591 2753 vsnr
616 2709 768 2754 moveres
793 2691 898 2753 orvs?
922 2688 963 2754 ef.
988 2710 1027 2752 ex
1050 2688 1147 2752 Pont.
1164 2685 1191 2750 Ι.
1218 2687 1247 2752 7.
1274 2688 1294 2751 3
1316 2704 1382 2772 sq.:

327 2809 454 2874 Indicas
477 2812 638 2875 auctorem
662 2810 777 2875 loeus?
801 2832 842 2874 en
869 2809 931 2874 nisi
954 2809 1085 2874 nomine
1108 2810 1212 2888 lenio,

372 2929 461 2998 Haec
485 2953 535 2996 me
558 2931 721 2997 Nasonem
747 2932 883 2997 scribere
906 2917 1004 2996 uerbe
1027 2931 1132 2996 latei?

236 3052 292 3117 Vs.
318 3054 349 3118 3.
373 3052 538 3117 Avcrosrs
566 3075 690 3118 semme
716 3053 885 3130 Sseruvs3
911 3067 1018 3119 arctor
1042 3074 1158 3138 genere
1181 3053 1336 3118 feminino
1351 3055 1387 3119 ui

191 3173 276 3238 Fae.
304 3173 357 3241 VI.
383 3175 465 3240 709:
490 3178 649 3241 inueniris
671 3189 854 3262 auctorque,
880 3174 957 3239 Mer.
983 3174 1074 3239 VIII.
1103 3176 1183 3240 108:
1204 3179 1388 3242 meritorum

190 3309 312 3361 erectore
333 3297 450 3363 relicta.
473 3297 513 3362 A.
527 3297 568 3362 A.
593 3297 619 3361 I.
646 3298 699 3363 72.
724 3296 801 3362 Mer.
828 3295 916 3361 VIII.
943 3297 1019 3360 493.
1045 3295 1132 3361 Fast.
1158 3296 1197 3362 V.
1221 3299 1301 3377 192,
1326 3303 1385 3363 eei.
1457 3363 1459 3366 .

236 3417 292 3483 νε.
318 3420 349 3484 4.
373 3417 446 3484 Ηοο
469 3440 576 3484 servs
599 3439 757 3484 reserere
784 3440 870 3483 vrrs
895 3440 1046 3483 sovsrvr
1067 3439 1165 3498 οΡνε,
1186 3421 1274 3484 breue
1291 3444 1385 3507 opes,

191 3540 344 3625 epistula,
370 3546 406 3606 ui
429 3563 468 3606 ex
491 3543 585 3606 Pont.
612 3541 673 3606 ΠΙ.
698 3544 729 3606 4.
754 3542 773 3606 5
797 3513 950 3628 eriperem
965 3565 1065 3630 opus;
1087 3543 1176 3606 breue
1198 3565 1275 3629 opes
1298 3540 1385 3608 Fast.

191 3659 231 3726 ν.
257 3661 334 3726 654.
358 3663 398 3728 ef.
426 3663 581 3728 Huebner
603 3664 638 3727 in
661 3661 780 3729 Herme
803 3662 895 3728 XIII.
921 3663 997 3726 229.

235 3782 368 3847 Locutio
394 3787 521 3850 nescires
544 3789 624 3850 unde
647 3797 788 3850 mouetur
811 3809 888 3872 opes
905 3784 1110 3849 uehementer
1129 3787 1178 3849 est
1196 3785 1387 3870 impugneris

192 3926 211 3969 a
242 3904 487 3970 Schneidewino
518 3906 614 3991 (Mus.
648 3905 752 3970 Rhen.
785 3903 828 3970 N.
853 3905 884 3970 S.
917 3905 960 3969 II.
990 3927 1021 3988 p.
1050 3905 1127 3992 140)
1152 3905 1257 3970 uerbis
1280 3906 1384 3970 hisee:

191 4049 333 4091 »mouere
363 4027 414 4091 bei
443 4027 524 4092 Ovid
550 4029 638 4113 (Am.
663 4027 723 4091 III.
750 4033 779 4094 1.
806 4029 837 4093 6.
861 4027 901 4092 A.
914 4026 955 4090 A.
980 4025 1006 4090 I.
1033 4027 1086 4090 29.
1111 4026 1197 4092 Fest.
1220 4027 1279 4092 IV.
1305 4029 1384 4114 820)

176 4146 276 4210 *steht
307 4168 371 4211 von
403 4151 474 4212 dem
506 4149 686 4213 Antreiben
718 4149 805 4212 einer
832 4147 1104 4232 Besehiifiigung,
1131 4149 1190 4214 wie
1214 4149 1309 4214 Musa
1332 4151 1386 4215 hoe

190 4280 292 4332 moret
324 4292 416 4356 opus,
449 4269 530 4333 Usus
551 4293 627 4355 opes
651 4282 752 4334 mouet
776 4270 839 4334 hoc.
876 4267 964 4333 Aber
986 4269 1020 4333 in
1044 4291 1172 4334 unserm
1197 4270 1304 4335 Briefe
1324 4272 1384 4336 soll

190 4409 224 4454 es
252 4387 395 4452 heiszen:
422 4411 486 4454 von
509 4412 589 4454 wem
613 4391 669 4454 des
692 4388 968 4455 Liebesbriefehen
992 4390 1158 4454 komth'
1194 4390 1242 4455 At
1263 4415 1384 4457 mouere

189 4532 330 4587 carmen,
362 4533 439 4596 opus
469 4514 579 4576 eedem
610 4511 787 4587 sententia,
821 4532 885 4594 que
914 4510 948 4574 in
981 4510 1041 4576 hae
1072 4510 1226 4596 episima,
1257 4512 1382 4596 saepius

189 4629 355 4695 inuenitur
389 4632 475 4715 apud
510 4629 678 4699 Ouidium:
714 4653 843 4717 prorsus
875 4633 983 4696 eodem
1016 4654 1111 4698 sensu
1141 4631 1218 4697 Her.
1242 4632 1317 4698 νΠ.
1343 4635 1381 4699 4:
