3380 5346
896 378 960 442 112

337 563 415 630 huec
437 564 577 630 scribens
601 562 695 627 Lesbi
720 565 816 638 esset,
841 583 907 625 non
930 561 964 625 in
989 559 1116 638 Sicilie,
1144 561 1230 625 unde
1254 559 1367 624 Phaon
1389 558 1450 624 iter
1473 576 1532 645 ug-

338 687 428 774 gredi
463 686 614 763 debebat,
649 685 782 768 uulgute
816 684 911 748 lectio
934 697 1094 772 parantur
1125 683 1237 767 utique
1267 682 1434 767 probanda
1466 704 1534 747 csse

337 808 418 873 mihi
441 808 577 872 uidetur.

383 930 432 994 De
455 929 638 994 muneribus
661 951 719 1014 pro
743 929 832 992 seluo
856 927 959 992 reditu
982 927 1143 992 soluendis
1168 949 1198 990 6.
1224 925 1313 990 Rem.
1339 925 1403 990 811
1430 947 1496 1010 sq.:

585 1097 798 1117 .......
827 1048 923 1113 fessae
946 1052 1020 1113 date
1043 1052 1128 1113 serto
1152 1048 1289 1113 carinae.

634 1172 836 1257 Contigimus
858 1175 988 1256 portus,
1012 1191 1076 1256 quo
1100 1169 1179 1234 mihi
1201 1192 1312 1235 cursus
1336 1172 1413 1235 erut.

338 1298 414 1362 Am.
438 1296 503 1362 III.
529 1295 581 1360 11.
608 1295 650 1358 29
676 1316 742 1379 sq.:

518 1417 588 1482 Iam
612 1437 683 1479 mee
705 1415 816 1480 uotiua
838 1414 955 1499 puppis
976 1414 1124 1478 redimito
1149 1433 1267 1479 corona

564 1539 668 1604 Lente
688 1539 901 1603 tumescentes
924 1536 1070 1622 aequoris
1094 1536 1183 1601 audit
1207 1557 1316 1621 eques.

345 1663 416 1730 Am.
442 1661 483 1726 ΙΙ.
511 1661 565 1726 11.
590 1661 651 1725 46:
753 1680 812 1743 pro
835 1659 938 1723 reditu
962 1658 1092 1723 uictima
1114 1662 1191 1723 uote
1215 1659 1316 1722 cadet.

385 1783 433 1848 De
465 1802 568 1848 61666
599 1781 784 1846 tutelarium
818 1780 949 1844 deorum
973 1779 1046 1844 sede
1069 1779 1109 1846 cf.
1135 1779 1232 1843 etium
1257 1778 1333 1844 Her.
1358 1778 1428 1844 XV.
1455 1779 1538 1845 112:

568 1904 697 1988 Accipit
719 1905 752 1968 et
775 1903 876 1986 pictos
900 1903 1015 1987 puppis
1039 1904 1166 1967 adunca
1190 1905 1276 1969 deos.

342 2030 375 2093 et
396 2027 509 2092 Heins.
535 2029 575 2090 ad
600 2025 657 2090 Sil.
683 2023 773 2089 XIV.
800 2023 875 2088 543.

388 2147 573 2214 Sententiae
604 2145 800 2212 constructio
831 2145 888 2209 1116
917 2166 998 2230 quae
1029 2145 1137 2210 euenit
1167 2145 1442 2211 condicionalibus
1465 2168 1542 2212 sen·

343 2270 453 2335 tentiis
476 2290 533 2354 per
555 2268 728 2353 porticulus
753 2286 827 2330 srvs
955 2285 1029 2330 smu
1053 2266 1114 2351 (us.
1140 2267 1224 2345 211,
1250 2267 1328 2354 217)
1345 2267 1498 2333 diiunctis
1510 2271 1543 2332 et

342 2390 533 2476 interpositu
562 2388 676 2474 prioris
707 2387 842 2452 membri
872 2388 1003 2470 epodosi
1033 2387 1239 2473 interruptis,
1273 2411 1369 2473 quem
1393 2389 1543 2454 uitnrunt

344 2515 456 2597 poetae
491 2511 569 2576 boni
602 2510 760 2594 plerique,
798 2509 838 2573 ab
871 2507 984 2572 Ouidio
1020 2513 1067 2574 est
1094 2509 1239 2574 adhibite
1276 2509 1543 2595 frequentissime.

345 2632 394 2698 De
424 2655 488 2717 qus
519 2654 553 2696 re
584 2631 648 2695 uid.
681 2634 862 2695 accuratam
897 2630 1146 2714 disputationem
1170 2653 1220 2715 up.
1247 2629 1332 2709 Leo,
1358 2635 1395 2697 de
1418 2631 1545 2700 Senecae

346 2767 428 2840 trap.
453 2755 602 2818 obserant.
626 2755 693 2818 cm't.
719 2774 750 2835 p.
777 2752 820 2815 94
844 2773 913 2837 sqq.

392 2874 498 2940 Dictio
523 2893 600 2946 ovru
626 2892 769 2937 sacceas
794 2893 938 2937 rucrous
966 2875 1544 2960 6666616661,11.6.6616666166,

349 2997 491 3062 animum
523 3016 627 3060 meum
658 3016 748 3059 mors
778 2995 829 3059 nel
867 2995 1019 3060 morando
1055 2996 1193 3080 luceres,
1228 2997 1405 3082 comparari
1439 3001 1547 3083 potest

350 3140 423 3184 cum
447 3117 525 3182 Her.
549 3116 610 3180 ΙΙΙ.
639 3117 718 3182 138:

577 3236 645 3303 Nec
669 3237 816 3303 miseram
840 3237 928 3302 lenta
952 3237 1072 3302 ferreus
1096 3260 1152 3303 ure
1176 3258 1273 3322 mora.

352 3359 404 3426 Sic
434 3383 592 3426 aerumma
623 3373 668 3424 cst
696 3371 786 3423 aucta
815 3382 904 3424 mora
935 3358 1031 3424 Trist.
1063 3359 1120 3425 IV.
1154 3361 1184 3424 6.
1218 3361 1279 3436 26;
1310 3375 1346 3427 ut
1377 3365 1428 3428 ica
1458 3387 1549 3430 mora

352 3485 434 3548 uices
457 3483 613 3547 absumere
631 3492 735 3567 posset
759 3479 836 3546 Met.
861 3480 923 3545 ΙΙΙ.
949 3481 1033 3558 693;
1059 3480 1099 3546 cf.
1125 3479 1220 3545 Trist.
1247 3482 1273 3546 Ι.
1297 3484 1325 3547 3.
1340 3481 1381 3548 8:
1410 3485 1549 3573 Torpue-

353 3615 427 3668 rant
446 3604 537 3688 16696
553 3615 680 3689 pectora
691 3613 798 3666 uestra
810 3625 908 3666 mora.
925 3598 1055 3685 Aliquid
1068 3603 1176 3666 tumen
1188 3623 1256 3666 eam
1270 3603 1386 3669 habere
1398 3605 1548 3672 offensio·

354 3726 423 3803 nis,
456 3727 494 3789 ut
530 3723 662 3788 omnino
697 3725 802 3788 totum
832 3722 866 3786 id
897 3721 1057 3786 distichon
1091 3723 1287 3802 211-212,
1313 3729 1421 3796 666661
1444 3726 1549 3793 Bech-

355 3867 428 3909 rens
458 3845 505 3911 11.
537 3867 568 3930 p.
600 3845 653 3910 66.
682 3841 773 3919 Quod
806 3865 878 3908 cum
909 3843 1040 3928 insuper
1079 3843 1248 3908 omittatur
1281 3845 1317 3909 in
1356 3845 1402 3910 H.
1434 3847 1472 3915 F.
1502 3873 1549 3934 p„

356 3965 490 4030 coniecit
514 3987 576 4032 uss.
601 3987 654 4030 eos
678 3965 856 4028 211-212
881 3986 947 4028 666
968 3986 1034 4029 6666
1055 3964 1230 4049 genuinos,
1255 3967 1363 4032 sedin
1384 3968 1551 4054 archetypi

356 4087 501 4172 margine
534 4085 658 4151 additos
682 4086 723 4151 ab
747 4086 871 4171 aliquo,
896 4086 951 4170 qui
970 4085 1050 4150 falso
1075 4088 1204 4170 putaret
1226 4087 1362 4152 alterum
1394 4093 1458 4156 siue
1490 4092 1547 4177 (us.

357 4210 437 4295 217)
467 4210 553 4294 quod
584 4208 790 4293 responderet
813 4207 982 4292 requirere.
1005 4205 1052 4272 At
1074 4227 1138 4272 non
1163 4208 1257 4274 uideo
1281 4211 1440 4294 quomodo
1464 4211 1549 4276 hisce

357 4331 482 4398 duobus
511 4331 654 4396 uersibus
686 4330 776 4396 selua
806 4329 966 4395 sententia
994 4330 1152 4414 possimus
1184 4352 1299 4397 carere.
1332 4331 1440 4398 Verba
1466 4333 1551 4399 enim

358 4453 448 4519 Solae
479 4466 579 4519 ratem
609 4472 675 4517 non
707 4452 816 4516 statim
848 4451 893 4516 616
925 4452 1100 4534 potuerunt
1127 4449 1189 4515 dici
1210 4454 1285 4536 post
1306 4451 1389 4518 iilud
1411 4453 1482 4520 Hoc
1505 4466 1550 4536 te,

358 4575 453 4658 laute,
485 4575 605 4640 decebat
633 4597 728 4660 opus,
759 4574 816 4636 sed
849 4572 982 4636 omnino
1012 4570 1181 4656 requirunt
1205 4575 1243 4639 ut
1265 4575 1470 4658 praecesserit
1492 4573 1550 4640 nli-
