3386 5346
917 369 939 432 4

422 561 493 646 (81)
517 557 598 642 Sepe
617 556 737 620 abeunt
759 552 864 618 studia
887 551 922 614 in
936 571 1049 614 *mores
1072 551 1217 632 artesque
1239 545 1391 629 magistre

422 681 516 767 (195)
540 679 623 765 Ipsis
646 677 737 742 dolor
759 675 883 740 artibus
905 673 1021 738 obstat.

422 803 516 889 (196)
538 801 710 885 Ingenium
733 797 840 862 nimiis
865 795 972 861 deficit
994 815 1089 858 omne
1111 791 1214 856 malis.
1248 809 1251 814 ·

375 926 458 990 Item
491 925 576 1008 apud
608 920 810 986 Vincentium
839 918 1098 982 Bellouacensem
1133 915 1228 1000 (saec.
1259 907 1377 996 XIII),
1410 906 1466 991 qui
1487 907 1523 970 in

331 1047 465 1133 Speculo
497 1065 554 1109 suo
577 1041 745 1107 Historieli
769 1041 878 1105 eadem
901 1039 968 1104 fere
989 1040 1136 1122 excerpta
1160 1056 1196 1098 ae
1219 1031 1343 1098 codices
1364 1029 1413 1094 illi
1436 1028 1523 1093 Pari-

331 1167 393 1232 sini
411 1169 583 1250 eodemque
601 1162 713 1227 ordine
731 1161 825 1226 nobis
845 1160 986 1226 seruauit
1005 1179 1199 1244 quamquam
1211 1154 1361 1240 pauciora
1376 1190 1415 1200 -
1427 1139 1524 1234 elegit

332 1288 418 1352 enim
443 1307 479 1352 ea
503 1288 631 1350 tantum
654 1306 736 1369 quae
759 1282 920 1368 proposito
945 1302 1001 1346 suo
1021 1279 1189 1344 conuenire
1207 1277 1390 1341 uiderentur
1415 1311 1453 1322 -
1466 1272 1523 1336 lib.

331 1408 406 1476 VII.
432 1431 457 1473 c.
487 1408 550 1472 107
574 1407 660 1471 inter
683 1428 729 1470 us.
756 1405 798 1469 56
822 1405 976 1489 epistulae
1000 1402 1269 1487 Hypermnestrae
1295 1396 1401 1484 [XIV]
1424 1400 1455 1460 et
1475 1417 1524 1462 us.

334 1533 351 1596 7
385 1527 539 1615 epistulae
561 1528 684 1594 Paridis
710 1526 795 1614 [XV]
817 1526 935 1610 legitur
959 1524 1078 1610 Sapph.
1103 1547 1150 1609 ep.
1176 1544 1221 1588 us.
1252 1522 1332 1586 196:

588 1650 758 1735 Ingenium
780 1648 888 1713 nimiis
911 1647 1018 1712 deficit
1040 1668 1134 1711 omne
1158 1645 1259 1709 malis.

377 1774 555 1858 Exscripsit
577 1773 655 1837 haec
678 1770 868 1836 Vincentius
892 1771 961 1834 sine
984 1769 1080 1833 dubio
1106 1791 1145 1832 ex
1167 1768 1322 1852 excerptis
1345 1769 1409 1834 illis
1432 1769 1524 1834 Pari-

334 1898 430 1982 sinis,
467 1899 505 1960 ut
537 1899 650 1960 eontra
684 1892 722 1958 Ο.
753 1890 990 1975 Richterum1)‚
1022 1890 1189 1975 opinatum
1217 1890 1303 1974 ipsos
1335 1890 1524 1975 scriptorum

331 2022 474 2083 ueterum
498 2017 597 2081 libros
621 2015 793 2079 Vincentio
816 2014 851 2077 in
876 2013 1022 2077 manibus
1047 2011 1160 2090 fuisse,
1184 2012 1280 2076 euicit
1303 2012 1341 2076 Ε.
1367 2012 1524 2090 Procnen,

332 2143 371 2203 de
402 2137 555 2222 excerptis
587 2135 706 2200 Tibull.
721 2137 746 2222 2)
778 2158 810 2219 p.
845 2136 905 2199 33:
938 2134 1088 2218 congruit
1118 2133 1203 2197 enim
1235 2133 1427 2198 Vincentius
1451 2157 1523 2199 cum

331 2262 370 2326 iis
399 2260 566 2344 Excerptis
596 2259 632 2323 in
663 2257 853 2321 lectionibus
884 2256 1047 2340 plurimis,
1078 2277 1159 2340 quae
1190 2277 1257 2320 non
1279 2256 1320 2320 ab
1343 2257 1422 2341 ipsis
1445 2256 1523 2321 scri-

332 2383 477 2468 ptoribus
497 2382 634 2466 possunt
653 2401 720 2444 esse
738 2377 917 2464 profectae,
930 2400 1034 2461 neque
1054 2400 1092 2443 ex
1110 2378 1231 2442 ineerta
1252 2381 1309 2441 aut
1326 2378 1524 2443 inconstanti

333 2504 474 2568 codicum
499 2503 625 2566 ratione
647 2500 815 2585 explicari,
837 2500 890 2564 sed
912 2498 1081 2564 manifesto
1094 2500 1286 2584 excerptoris
1297 2499 1382 2564 illius
1394 2521 1523 2584 operam

331 2627 492 2708 produnt,
522 2622 622 2707 ipsius
653 2620 787 2687 consilio
820 2623 1074 2685 consentaneam.
1111 2620 1179 2686 Nee
1200 2619 1363 2705 profecto,
1390 2621 1416 2686 si
1439 2621 1523 2685 Vin-

331 2745 471 2809 centium
502 2765 540 2808 ex
562 2742 662 2827 ipsius
685 2741 793 2806 Ouidii
817 2742 1011 2806 carminibus
1034 2741 1176 2806 hausisse
1199 2745 1397 2821 statuamus,
1421 2742 1523 2826 expli-

332 2866 396 2930 cari
419 2865 521 2950 possit
543 2863 599 2949 qui
623 2863 744 2928 factum
767 2863 810 2926 sit
831 2865 868 2927 ut
890 2863 986 2948 plane
1004 2864 1153 2949 ignotum
1174 2863 1320 2949 Sapphus
1339 2886 1455 2931 nomen
1475 2864 1524 2928 illi

333 2991 432 3065 esset,
456 2989 494 3051 ut
517 2988 601 3051 certe
624 2985 702 3050 fuit:
728 2985 761 3049 in
786 2984 921 3070 Speculo
942 2986 1027 3050 enim
1046 2986 1214 3052 Histoniali
1233 3008 1343 3052 omnes
1362 2986 1427 3052 fere
1445 3009 1523 3072 poe-

331 3111 380 3174 tas
407 3107 543 3178 Graecos
566 3111 748 3186 enumerat,
772 3107 975 3193 Sapphonem
999 3130 1074 3173 uero
1097 3131 1139 3172 ne
1162 3109 1260 3174 uerbo
1283 3109 1411 3194 quidem
1436 3131 1522 3174 eom-

333 3234 488 3296 memorat
501 3232 536 3312 3).

377 3352 468 3429 Quod
512 3351 630 3416 attinet
660 3355 701 3415 ad
728 3351 865 3436 pretium
896 3352 936 3416 iis
967 3351 1134 3437 Excerptis
1165 3351 1200 3416 in
1230 3351 1394 3438 epistulae·
1412 3375 1522 3419 recen-

331 3475 419 3540 sione
453 3473 710 3550 attribuendum,
742 3471 835 3537 facile
868 3472 1085 3558 intellegimus
1119 3473 1153 3537 id
1187 3495 1253 3538 non
1286 3474 1334 3538 ita
1368 3494 1522 3558 magnum

332 3617 415 3672 esse3
440 3616 508 3659 non
534 3593 619 3658 enim
639 3594 673 3657 id
697 3593 797 3678 egisse
821 3598 1034 3679 excerptorem
1059 3599 1192 3679 apparet
1213 3597 1251 3658 ut
1273 3617 1369 3680 quam
1393 3617 1522 3660 accura-

330 3717 451 3780 tissime
484 3716 624 3780 traderet
660 3715 776 3779 ueteris
811 3715 972 3800 scriptoris
1007 3716 1122 3794 uerba,
1158 3720 1213 3781 sed
1248 3720 1387 3782 mutasse
1417 3717 1523 3782 uarios

331 3859 441 3902 uersus
471 3837 517 3901 ita
548 3841 585 3902 ut
614 3837 776 3921 proposito
807 3858 864 3902 suo
892 3837 1101 3903 conuenirent
1113 3839 1148 3918 ⁴).
1185 3839 1259 3905 Una
1281 3842 1390 3904 tamen
1413 3862 1463 3904 res
1488 3839 1523 3903 in

330 3957 370 4022 iis
400 3957 563 4022 inuenitur
586 3958 741 4024 momenti
764 3959 804 4022 ad
826 3958 923 4023 crisin
946 3959 1157 4024 factitandam
1181 3982 1276 4045 quarn
1301 3960 1447 4044 maximi3
1472 3967 1521 4025 et·

331 4078 417 4144 enim
440 4100 565 4143 versum
591 4077 651 4145 32:

365 4271 389 4330 ])
406 4272 442 4318 De
460 4269 580 4320 Vincentii
598 4269 718 4320 Bellousc.
736 4270 852 4336 excerptis
870 4269 956 4320 l'ibnll.
976 4269 1037 4320 Dies.
1055 4270 1135 4335 inaug.
1155 4272 1230 4320 Bonn.
1251 4272 1324 4322 locs.
1343 4290 1366 4339 p.
1389 4275 1418 4323 14
1435 4290 1485 4338 sqq.

364 4354 392 4417 2)
410 4352 472 4401 Dico.
490 4352 569 4420 inaug.
588 4352 763 4416 Gryphiswald.
782 4353 853 4402 1859.

365 4436 389 4495 3)
406 4436 445 4484 Cf.
463 4435 623 4499 Comparetti,
641 4435 658 4484 l.
677 4434 692 4483 l.
711 4451 735 4499 p.
753 4433 777 4486 i.

363 4516 392 4582 4)
411 4517 446 4566 of.
472 4516 604 4575 Woelfflin,
629 4516 751 4580 Philologi
774 4517 840 4565 'l'om
865 4516 972 4565 XXVII
995 4515 1086 4582 (1868)
1104 4534 1127 4582 p.
1147 4519 1206 4578 loo
1226 4521 1341 4579 Protren,
1359 4519 1375 4570 l.
1394 4519 1411 4569 l.
1429 4537 1453 4586 p.
1471 4522 1518 4582 453

331 4600 367 4652 M.
386 4599 526 4662 Rothstein‚
545 4600 574 4648 de
592 4599 659 4649 codd.
677 4597 762 4647 libnll.
783 4598 875 4661 (Berol.
895 4599 972 4663 1880)
989 4614 1012 4662 p.
1031 4600 1063 4648 25
1081 4615 1132 4666 sqq.
