<?xml version="1.0" encoding="UTF-8"?>
<!DOCTYPE html PUBLIC "-//W3C//DTD XHTML 1.0 Transitional//EN"
    "http://www.w3.org/TR/xhtml1/DTD/xhtml1-transitional.dtd">
<html xmlns="http://www.w3.org/1999/xhtml" xml:lang="en" lang="en">
 <head>
  <title>
</title>
<meta http-equiv="Content-Type" content="text/html;charset=utf-8" />
  <meta name='ocr-system' content='tesseract 3.04.00' />
  <meta name='ocr-capabilities' content='ocr_page ocr_carea ocr_par ocr_line ocrx_word'/>
</head>
<body>
  <div class='ocr_page' id='page_1' title='image "./epistvlasapphvs00vriegoog_0140.png"; bbox 0 0 3380 5346; ppageno 0'>
   <div class='ocr_carea' id='block_1_1' title="bbox 749 402 811 466">
    <p class='ocr_par' dir='ltr' id='par_1_1' title="bbox 749 402 811 466">
     <span class='ocr_line' id='line_1_1' title="bbox 749 402 811 466; baseline 0 0"><span class='ocrx_word' id='word_1_1' title='bbox 749 402 811 466; x_wconf 85' lang='lat'><strong>125</strong></span> 
     </span>
    </p>
   </div>
   <div class='ocr_carea' id='block_1_2' title="bbox 165 586 1363 794">
    <p class='ocr_par' dir='ltr' id='par_1_2' title="bbox 165 586 1363 794">
     <span class='ocr_line' id='line_1_2' title="bbox 165 586 1357 676; baseline 0.002 -25"><span class='ocrx_word' id='word_1_2' title='bbox 165 587 305 672; x_wconf 85' lang='lat' dir='ltr'><strong>quodam</strong></span> <span class='ocrx_word' id='word_1_3' title='bbox 335 606 492 652; x_wconf 90' lang='lat' dir='ltr'><strong>consensu</strong></span> <span class='ocrx_word' id='word_1_4' title='bbox 522 586 657 676; x_wconf 86' lang='lat' dir='ltr'><strong>cogitari</strong></span> <span class='ocrx_word' id='word_1_5' title='bbox 689 589 843 670; x_wconf 85' lang='lat' dir='ltr'><strong>nequeat,</strong></span> <span class='ocrx_word' id='word_1_6' title='bbox 868 589 922 651; x_wconf 88' lang='lat' dir='ltr'><strong>sed</strong></span> <span class='ocrx_word' id='word_1_7' title='bbox 946 586 1056 652; x_wconf 89' lang='lat' dir='ltr'><strong>sedulo</strong></span> <span class='ocrx_word' id='word_1_8' title='bbox 1078 588 1191 673; x_wconf 82' lang='lat' dir='ltr'>legisse</span> <span class='ocrx_word' id='word_1_9' title='bbox 1215 591 1357 655; x_wconf 87' lang='lat' dir='ltr'><strong>nostram</strong></span> 
     </span>
     <span class='ocr_line' id='line_1_3' title="bbox 165 702 1363 794; baseline 0 -21"><span class='ocrx_word' id='word_1_10' title='bbox 165 707 332 793; x_wconf 76' lang='lat' dir='ltr'><strong>epistulam</strong></span> <span class='ocrx_word' id='word_1_11' title='bbox 353 702 589 773; x_wconf 78' lang='lat' dir='ltr'><strong>¹Consolationis</strong></span> <span class='ocrx_word' id='word_1_12' title='bbox 609 712 734 794; x_wconf 86' lang='lat' dir='ltr'><strong>poetam</strong></span> <span class='ocrx_word' id='word_1_13' title='bbox 756 709 832 773; x_wconf 87' lang='lat' dir='ltr'><strong>satis</strong></span> <span class='ocrx_word' id='word_1_14' title='bbox 854 713 1014 794; x_wconf 74' lang='lat' dir='ltr'>appareat.</span> <span class='ocrx_word' id='word_1_15' title='bbox 1037 706 1252 778; x_wconf 78' lang='lat' dir='ltr'><strong>conferantur</strong></span> <span class='ocrx_word' id='word_1_16' title='bbox 1268 710 1363 774; x_wconf 88' lang='lat' dir='ltr'><strong>modo</strong></span> 
     </span>
    </p>
   </div>
   <div class='ocr_carea' id='block_1_3' title="bbox 163 829 1363 2993">
    <p class='ocr_par' dir='ltr' id='par_1_3' title="bbox 163 829 1363 2993">
     <span class='ocr_line' id='line_1_4' title="bbox 163 829 484 898; baseline 0 -2"><span class='ocrx_word' id='word_1_17' title='bbox 163 829 291 898; x_wconf 83' lang='lat' dir='ltr'><strong>Oonsol.</strong></span> <span class='ocrx_word' id='word_1_18' title='bbox 316 854 362 896; x_wconf 88' lang='lat' dir='ltr'><strong>us.</strong></span> <span class='ocrx_word' id='word_1_19' title='bbox 398 832 484 896; x_wconf 85' lang='lat'>106:</span> 
     </span>
     <span class='ocr_line' id='line_1_5' title="bbox 437 951 1103 1036; baseline 0 -19"><span class='ocrx_word' id='word_1_20' title='bbox 437 951 543 1017; x_wconf 88' lang='lat' dir='ltr'><strong>Deflet</strong></span> <span class='ocrx_word' id='word_1_21' title='bbox 565 951 747 1017; x_wconf 84' lang='lat' dir='ltr'><strong>Threicium</strong></span> <span class='ocrx_word' id='word_1_22' title='bbox 771 951 902 1017; x_wconf 77' lang='lat' dir='ltr'><strong>Daulias</strong></span> <span class='ocrx_word' id='word_1_23' title='bbox 927 952 992 1016; x_wconf 86' lang='lat' dir='ltr'><strong>ales</strong></span> <span class='ocrx_word' id='word_1_24' title='bbox 1017 952 1103 1036; x_wconf 83' lang='lat' dir='ltr'><strong>Ityn.</strong></span> 
     </span>
     <span class='ocr_line' id='line_1_6' title="bbox 164 1073 699 1160; baseline 0 -20"><span class='ocrx_word' id='word_1_25' title='bbox 164 1079 197 1140; x_wconf 88' lang='lat' dir='ltr'><strong>et</strong></span> <span class='ocrx_word' id='word_1_26' title='bbox 219 1073 338 1160; x_wconf 88' lang='lat' dir='ltr'><strong>Sapph.</strong></span> <span class='ocrx_word' id='word_1_27' title='bbox 364 1075 518 1160; x_wconf 76' lang='lat' dir='ltr'>epistulae</span> <span class='ocrx_word' id='word_1_28' title='bbox 541 1097 588 1139; x_wconf 85' lang='lat' dir='ltr'><strong>us.</strong></span> <span class='ocrx_word' id='word_1_29' title='bbox 617 1074 699 1140; x_wconf 84' lang='lat'>154:</span> 
     </span>
     <span class='ocr_line' id='line_1_7' title="bbox 437 1193 1128 1280; baseline -0.004 -18"><span class='ocrx_word' id='word_1_30' title='bbox 437 1194 585 1262; x_wconf 77' lang='lat' dir='ltr'><strong>Concinit</strong></span> <span class='ocrx_word' id='word_1_31' title='bbox 607 1195 775 1261; x_wconf 81' lang='lat' dir='ltr'><strong>Ismarium</strong></span> <span class='ocrx_word' id='word_1_32' title='bbox 798 1193 930 1260; x_wconf 79' lang='lat' dir='ltr'><strong>Daulias</strong></span> <span class='ocrx_word' id='word_1_33' title='bbox 954 1196 1018 1260; x_wconf 88' lang='lat' dir='ltr'><strong>ales</strong></span> <span class='ocrx_word' id='word_1_34' title='bbox 1042 1196 1128 1280; x_wconf 88' lang='lat' dir='ltr'><strong>Ityn.</strong></span> 
     </span>
     <span class='ocr_line' id='line_1_8' title="bbox 165 1317 556 1386; baseline -0.003 0"><span class='ocrx_word' id='word_1_35' title='bbox 165 1318 217 1386; x_wconf 81' lang='lat' dir='ltr'><strong>Sic</strong></span> <span class='ocrx_word' id='word_1_36' title='bbox 242 1317 369 1385; x_wconf 66' lang='lat' dir='ltr'><strong>(tonsol.</strong></span> <span class='ocrx_word' id='word_1_37' title='bbox 397 1342 443 1385; x_wconf 87' lang='lat' dir='ltr'><strong>us.</strong></span> <span class='ocrx_word' id='word_1_38' title='bbox 470 1320 556 1386; x_wconf 85' lang='lat'>204:</span> 
     </span>
     <span class='ocr_line' id='line_1_9' title="bbox 415 1440 1115 1526; baseline -0.003 -19"><span class='ocrx_word' id='word_1_39' title='bbox 415 1443 578 1508; x_wconf 89' lang='lat' dir='ltr'><strong>Ausoniae</strong></span> <span class='ocrx_word' id='word_1_40' title='bbox 601 1445 718 1507; x_wconf 87' lang='lat' dir='ltr'><strong>matres</strong></span> <span class='ocrx_word' id='word_1_41' title='bbox 744 1440 968 1526; x_wconf 80' lang='lat' dir='ltr'><strong>Ausoniaeque</strong></span> <span class='ocrx_word' id='word_1_42' title='bbox 997 1461 1115 1519; x_wconf 88' lang='lat' dir='ltr'><strong>nurus,</strong></span> 
     </span>
     <span class='ocr_line' id='line_1_10' title="bbox 165 1563 910 1651; baseline -0.001 -22"><span class='ocrx_word' id='word_1_43' title='bbox 165 1563 227 1629; x_wconf 90' lang='lat' dir='ltr'><strong>etsi</strong></span> <span class='ocrx_word' id='word_1_44' title='bbox 249 1563 381 1630; x_wconf 87' lang='lat' dir='ltr'><strong>Ouidius</strong></span> <span class='ocrx_word' id='word_1_45' title='bbox 404 1587 531 1651; x_wconf 90' lang='lat' dir='ltr'><strong>quoque</strong></span> <span class='ocrx_word' id='word_1_46' title='bbox 553 1565 647 1630; x_wconf 85' lang='lat' dir='ltr'><strong>Trist.</strong></span> <span class='ocrx_word' id='word_1_47' title='bbox 675 1564 716 1630; x_wconf 89' lang='lat' dir='ltr'><strong>ll.</strong></span> <span class='ocrx_word' id='word_1_48' title='bbox 742 1565 785 1628; x_wconf 84' lang='lat'><strong>23</strong></span> <span class='ocrx_word' id='word_1_49' title='bbox 811 1565 910 1629; x_wconf 84' lang='lat' dir='ltr'><strong>dixit:</strong></span> 
     </span>
     <span class='ocr_line' id='line_1_11' title="bbox 256 1684 1255 1772; baseline -0.002 -22"><span class='ocrx_word' id='word_1_50' title='bbox 256 1686 329 1772; x_wconf 92' lang='lat' dir='ltr'><strong>Ipse</strong></span> <span class='ocrx_word' id='word_1_51' title='bbox 351 1708 477 1772; x_wconf 93' lang='lat' dir='ltr'><strong>quoque</strong></span> <span class='ocrx_word' id='word_1_52' title='bbox 499 1686 658 1752; x_wconf 81' lang='lat' dir='ltr'><strong>Ausonias</strong></span> <span class='ocrx_word' id='word_1_53' title='bbox 682 1684 798 1751; x_wconf 79' lang='lat' dir='ltr'><strong>Caesar</strong></span> <span class='ocrx_word' id='word_1_54' title='bbox 822 1691 1001 1770; x_wconf 87' lang='lat' dir='ltr'><strong>matresque</strong></span> <span class='ocrx_word' id='word_1_55' title='bbox 1026 1705 1189 1770; x_wconf 91' lang='lat' dir='ltr'><strong>nurusque</strong></span> <span class='ocrx_word' id='word_1_56' title='bbox 1215 1721 1255 1734; x_wconf 89' lang='lat'>—</span> 
     </span>
     <span class='ocr_line' id='line_1_12' title="bbox 164 1806 1309 1892; baseline -0.001 -20"><span class='ocrx_word' id='word_1_57' title='bbox 164 1808 285 1872; x_wconf 86' lang='lat' dir='ltr'><strong>adscita</strong></span> <span class='ocrx_word' id='word_1_58' title='bbox 307 1810 415 1872; x_wconf 89' lang='lat' dir='ltr'><strong>tamen</strong></span> <span class='ocrx_word' id='word_1_59' title='bbox 437 1807 563 1873; x_wconf 91' lang='lat' dir='ltr'><strong>uidetur</strong></span> <span class='ocrx_word' id='word_1_60' title='bbox 586 1807 690 1875; x_wconf 85' lang='lat' dir='ltr'><strong>forma</strong></span> <span class='ocrx_word' id='word_1_61' title='bbox 713 1808 867 1872; x_wconf 90' lang='lat' dir='ltr'><strong>orationis</strong></span> <span class='ocrx_word' id='word_1_62' title='bbox 889 1831 929 1873; x_wconf 88' lang='lat' dir='ltr'><strong>ex</strong></span> <span class='ocrx_word' id='word_1_63' title='bbox 952 1806 1073 1892; x_wconf 82' lang='lat' dir='ltr'><strong>Sapph.</strong></span> <span class='ocrx_word' id='word_1_64' title='bbox 1099 1829 1148 1892; x_wconf 88' lang='lat' dir='ltr'><strong>ep.</strong></span> <span class='ocrx_word' id='word_1_65' title='bbox 1173 1829 1220 1871; x_wconf 87' lang='lat' dir='ltr'><strong>us.</strong></span> <span class='ocrx_word' id='word_1_66' title='bbox 1249 1806 1309 1873; x_wconf 83' lang='lat'><strong>54:</strong></span> 
     </span>
     <span class='ocr_line' id='line_1_13' title="bbox 398 1903 1115 2016; baseline -0.003 -20"><span class='ocrx_word' id='word_1_67' title='bbox 398 1903 560 1996; x_wconf 85' lang='lat' dir='ltr'><strong>¹Nisiades</strong></span> <span class='ocrx_word' id='word_1_68' title='bbox 584 1935 700 1996; x_wconf 90' lang='lat' dir='ltr'><strong>matres</strong></span> <span class='ocrx_word' id='word_1_69' title='bbox 723 1928 935 2015; x_wconf 78' lang='lat' dir='ltr'><strong>Nisiadesque</strong></span> <span class='ocrx_word' id='word_1_70' title='bbox 964 1952 1073 1995; x_wconf 88' lang='lat' dir='ltr'><strong>nurus.</strong></span> <span class='ocrx_word' id='word_1_71' title='bbox 1088 1927 1115 2016; x_wconf 88' lang='grc'><strong>1)</strong></span> 
     </span>
     <span class='ocr_line' id='line_1_14' title="bbox 163 2050 622 2118; baseline -0.002 -1"><span class='ocrx_word' id='word_1_72' title='bbox 163 2051 287 2117; x_wconf 87' lang='lat' dir='ltr'><strong>Deinde</strong></span> <span class='ocrx_word' id='word_1_73' title='bbox 310 2050 437 2118; x_wconf 80' lang='lat' dir='ltr'><strong>Oonsol.</strong></span> <span class='ocrx_word' id='word_1_74' title='bbox 464 2074 509 2117; x_wconf 88' lang='lat' dir='ltr'><strong>us.</strong></span> <span class='ocrx_word' id='word_1_75' title='bbox 539 2053 622 2118; x_wconf 79' lang='lat'><strong>126:</strong></span> 
     </span>
     <span class='ocr_line' id='line_1_15' title="bbox 386 2173 1158 2260; baseline -0.001 -21"><span class='ocrx_word' id='word_1_76' title='bbox 386 2173 474 2241; x_wconf 86' lang='lat' dir='ltr'><strong>Haec</strong></span> <span class='ocrx_word' id='word_1_77' title='bbox 497 2177 574 2240; x_wconf 87' lang='lat' dir='ltr'><strong>sunt</strong></span> <span class='ocrx_word' id='word_1_78' title='bbox 594 2175 629 2239; x_wconf 90' lang='lat' dir='ltr'><strong>in</strong></span> <span class='ocrx_word' id='word_1_79' title='bbox 653 2176 774 2243; x_wconf 85' lang='lat' dir='ltr'><strong>reditus</strong></span> <span class='ocrx_word' id='word_1_80' title='bbox 798 2176 883 2240; x_wconf 88' lang='lat' dir='ltr'><strong>dona</strong></span> <span class='ocrx_word' id='word_1_81' title='bbox 907 2177 1052 2260; x_wconf 88' lang='lat' dir='ltr'><strong>paranda</strong></span> <span class='ocrx_word' id='word_1_82' title='bbox 1077 2178 1158 2239; x_wconf 88' lang='lat' dir='ltr'><strong>tuos.</strong></span> 
     </span>
     <span class='ocr_line' id='line_1_16' title="bbox 167 2296 937 2384; baseline -0.001 -22"><span class='ocrx_word' id='word_1_83' title='bbox 167 2303 368 2383; x_wconf 79' lang='lat' dir='ltr'><strong>comparetur</strong></span> <span class='ocrx_word' id='word_1_84' title='bbox 391 2320 464 2364; x_wconf 90' lang='lat' dir='ltr'><strong>oum</strong></span> <span class='ocrx_word' id='word_1_85' title='bbox 488 2296 608 2383; x_wconf 86' lang='lat' dir='ltr'><strong>Sapph.</strong></span> <span class='ocrx_word' id='word_1_86' title='bbox 632 2321 681 2384; x_wconf 91' lang='lat' dir='ltr'><strong>op.</strong></span> <span class='ocrx_word' id='word_1_87' title='bbox 706 2321 753 2365; x_wconf 89' lang='lat' dir='ltr'><strong>us.</strong></span> <span class='ocrx_word' id='word_1_88' title='bbox 780 2297 843 2361; x_wconf 89' lang='grc'><strong>211</strong></span> <span class='ocrx_word' id='word_1_89' title='bbox 870 2314 937 2383; x_wconf 84' lang='lat' dir='ltr'><strong>sq:</strong></span> 
     </span>
     <span class='ocr_line' id='line_1_17' title="bbox 370 2418 1159 2505; baseline 0 -21"><span class='ocrx_word' id='word_1_90' title='bbox 370 2419 444 2485; x_wconf 84' lang='lat' dir='ltr'><strong>Siue</strong></span> <span class='ocrx_word' id='word_1_91' title='bbox 468 2421 569 2498; x_wconf 87' lang='lat' dir='ltr'><strong>redis,</strong></span> <span class='ocrx_word' id='word_1_92' title='bbox 593 2420 754 2505; x_wconf 93' lang='lat' dir='ltr'><strong>puppique</strong></span> <span class='ocrx_word' id='word_1_93' title='bbox 778 2421 852 2484; x_wconf 88' lang='lat' dir='ltr'><strong>tuae</strong></span> <span class='ocrx_word' id='word_1_94' title='bbox 875 2418 985 2483; x_wconf 90' lang='lat' dir='ltr'><strong>uotiua</strong></span> <span class='ocrx_word' id='word_1_95' title='bbox 1010 2440 1159 2503; x_wconf 87' lang='lat' dir='ltr'><strong>paramus</strong></span> 
     </span>
     <span class='ocr_line' id='line_1_18' title="bbox 420 2541 873 2626; baseline 0.002 -20"><span class='ocrx_word' id='word_1_96' title='bbox 420 2541 572 2620; x_wconf 83' lang='lat' dir='ltr'><strong>Munera,</strong></span> <span class='ocrx_word' id='word_1_97' title='bbox 595 2541 672 2626; x_wconf 90' lang='lat' dir='ltr'><strong>quid</strong></span> <span class='ocrx_word' id='word_1_98' title='bbox 697 2589 873 2608; x_wconf 91' lang='grc'><strong>......</strong></span> 
     </span>
     <span class='ocr_line' id='line_1_19' title="bbox 211 2662 1362 2749; baseline 0.001 -21"><span class='ocrx_word' id='word_1_99' title='bbox 211 2663 256 2728; x_wconf 83' lang='lat' dir='ltr'><strong>Et</strong></span> <span class='ocrx_word' id='word_1_100' title='bbox 277 2664 392 2730; x_wconf 89' lang='lat' dir='ltr'><strong>mirum</strong></span> <span class='ocrx_word' id='word_1_101' title='bbox 405 2666 561 2749; x_wconf 90' lang='lat' dir='ltr'><strong>quantum</strong></span> <span class='ocrx_word' id='word_1_102' title='bbox 573 2664 658 2728; x_wconf 93' lang='lat' dir='ltr'><strong>inter</strong></span> <span class='ocrx_word' id='word_1_103' title='bbox 670 2685 703 2728; x_wconf 88' lang='lat' dir='ltr'><strong>se</strong></span> <span class='ocrx_word' id='word_1_104' title='bbox 715 2668 901 2748; x_wconf 87' lang='lat' dir='ltr'><strong>congruunt</strong></span> <span class='ocrx_word' id='word_1_105' title='bbox 912 2662 1039 2729; x_wconf 74' lang='lat' dir='ltr'><strong>(lonsol.</strong></span> <span class='ocrx_word' id='word_1_106' title='bbox 1053 2687 1099 2729; x_wconf 87' lang='lat' dir='ltr'><strong>us.</strong></span> <span class='ocrx_word' id='word_1_107' title='bbox 1116 2665 1180 2729; x_wconf 90' lang='grc'><strong>116</strong></span> <span class='ocrx_word' id='word_1_108' title='bbox 1195 2668 1227 2729; x_wconf 93' lang='lat' dir='ltr'><strong>et</strong></span> <span class='ocrx_word' id='word_1_109' title='bbox 1240 2662 1362 2749; x_wconf 84' lang='lat' dir='ltr'><strong>Sapph.</strong></span> 
     </span>
     <span class='ocr_line' id='line_1_20' title="bbox 166 2785 1363 2872; baseline -0.002 -20"><span class='ocrx_word' id='word_1_110' title='bbox 166 2808 215 2870; x_wconf 88' lang='lat' dir='ltr'><strong>ep.</strong></span> <span class='ocrx_word' id='word_1_111' title='bbox 240 2810 286 2852; x_wconf 86' lang='lat' dir='ltr'><strong>us.</strong></span> <span class='ocrx_word' id='word_1_112' title='bbox 314 2787 394 2865; x_wconf 79' lang='lat'>174,</span> <span class='ocrx_word' id='word_1_113' title='bbox 423 2786 479 2851; x_wconf 91' lang='lat' dir='ltr'><strong>ubi</strong></span> <span class='ocrx_word' id='word_1_114' title='bbox 499 2789 649 2872; x_wconf 73' lang='lat' dir='ltr'><strong>procidua</strong></span> <span class='ocrx_word' id='word_1_115' title='bbox 671 2785 822 2851; x_wconf 90' lang='lat' dir='ltr'><strong>dicuntur</strong></span> <span class='ocrx_word' id='word_1_116' title='bbox 843 2809 953 2871; x_wconf 73' lang='lat' dir='ltr'><strong>peace,</strong></span> <span class='ocrx_word' id='word_1_117' title='bbox 978 2807 1059 2870; x_wconf 89' lang='lat' dir='ltr'><strong>quae</strong></span> <span class='ocrx_word' id='word_1_118' title='bbox 1082 2785 1219 2862; x_wconf 88' lang='lat' dir='ltr'><strong>locutio,</strong></span> <span class='ocrx_word' id='word_1_119' title='bbox 1243 2807 1363 2870; x_wconf 92' lang='lat' dir='ltr'><strong>quam·</strong></span> 
     </span>
     <span class='ocr_line' id='line_1_21' title="bbox 165 2905 1362 2993; baseline -0.003 -20"><span class='ocrx_word' id='word_1_120' title='bbox 165 2928 261 2993; x_wconf 88' lang='lat' dir='ltr'><strong>quam</strong></span> <span class='ocrx_word' id='word_1_121' title='bbox 285 2908 362 2974; x_wconf 90' lang='lat' dir='ltr'><strong>alibi</strong></span> <span class='ocrx_word' id='word_1_122' title='bbox 386 2929 452 2972; x_wconf 91' lang='lat' dir='ltr'><strong>non</strong></span> <span class='ocrx_word' id='word_1_123' title='bbox 476 2907 650 2993; x_wconf 86' lang='lat' dir='ltr'><strong>reperitur,</strong></span> <span class='ocrx_word' id='word_1_124' title='bbox 674 2906 794 2973; x_wconf 85' lang='lat' dir='ltr'><strong>frustra</strong></span> <span class='ocrx_word' id='word_1_125' title='bbox 817 2909 926 2972; x_wconf 88' lang='lat' dir='ltr'><strong>tamen</strong></span> <span class='ocrx_word' id='word_1_126' title='bbox 949 2929 968 2971; x_wconf 92' lang='lat' dir='ltr'><strong>a</strong></span> <span class='ocrx_word' id='word_1_127' title='bbox 992 2905 1094 2971; x_wconf 89' lang='lat' dir='ltr'><strong>Birtio</strong></span> <span class='ocrx_word' id='word_1_128' title='bbox 1119 2910 1152 2970; x_wconf 89' lang='lat' dir='ltr'><strong>et</strong></span> <span class='ocrx_word' id='word_1_129' title='bbox 1170 2905 1362 2971; x_wconf 89' lang='lat' dir='ltr'><strong>Baehrensio</strong></span> 
     </span>
    </p>
   </div>
   <div class='ocr_carea' id='block_1_4' title="bbox 164 3027 1361 3116">
    <p class='ocr_par' dir='ltr' id='par_1_4' title="bbox 164 3027 1361 3116">
     <span class='ocr_line' id='line_1_22' title="bbox 164 3027 1361 3116; baseline -0.002 -22"><span class='ocrx_word' id='word_1_130' title='bbox 164 3030 348 3115; x_wconf 87' lang='lat' dir='ltr'><strong>impugnari</strong></span> <span class='ocrx_word' id='word_1_131' title='bbox 367 3030 446 3095; x_wconf 93' lang='lat' dir='ltr'><strong>mihi</strong></span> <span class='ocrx_word' id='word_1_132' title='bbox 466 3031 601 3096; x_wconf 88' lang='lat' dir='ltr'><strong>uidetur.</strong></span> <span class='ocrx_word' id='word_1_133' title='bbox 616 3031 641 3116; x_wconf 86' lang='lat'><strong>²)</strong></span> <span class='ocrx_word' id='word_1_134' title='bbox 660 3029 806 3115; x_wconf 90' lang='lat' dir='ltr'><strong>Denique</strong></span> <span class='ocrx_word' id='word_1_135' title='bbox 826 3054 931 3096; x_wconf 77' lang='lat' dir='ltr'><strong>acuero</strong></span> <span class='ocrx_word' id='word_1_136' title='bbox 945 3030 1008 3116; x_wconf 84' lang='lat' dir='ltr'><strong>filu</strong></span> <span class='ocrx_word' id='word_1_137' title='bbox 1028 3051 1076 3093; x_wconf 86' lang='lat' dir='ltr'><strong>us.</strong></span> <span class='ocrx_word' id='word_1_138' title='bbox 1100 3027 1143 3092; x_wconf 88' lang='grc'><strong>82</strong></span> <span class='ocrx_word' id='word_1_139' title='bbox 1166 3028 1206 3092; x_wconf 91' lang='lat' dir='ltr'><strong>ab</strong></span> <span class='ocrx_word' id='word_1_140' title='bbox 1219 3027 1361 3112; x_wconf 87' lang='lat' dir='ltr'><strong>Hauptio</strong></span> 
     </span>
    </p>
   </div>
   <div class='ocr_carea' id='block_1_5' title="bbox 163 3150 1360 3727">
    <p class='ocr_par' dir='ltr' id='par_1_5' title="bbox 163 3150 1360 3727">
     <span class='ocr_line' id='line_1_23' title="bbox 165 3150 826 3237; baseline -0.002 -20"><span class='ocrx_word' id='word_1_141' title='bbox 165 3156 392 3237; x_wconf 78' lang='lat' dir='ltr'><strong>comparantur</strong></span> <span class='ocrx_word' id='word_1_142' title='bbox 414 3174 486 3217; x_wconf 90' lang='lat' dir='ltr'><strong>cum</strong></span> <span class='ocrx_word' id='word_1_143' title='bbox 512 3150 641 3219; x_wconf 80' lang='lat' dir='ltr'><strong>Consul.</strong></span> <span class='ocrx_word' id='word_1_144' title='bbox 667 3175 713 3219; x_wconf 91' lang='lat' dir='ltr'><strong>us.</strong></span> <span class='ocrx_word' id='word_1_145' title='bbox 741 3153 826 3217; x_wconf 79' lang='lat'>240:</span> 
     </span>
     <span class='ocr_line' id='line_1_24' title="bbox 346 3273 1134 3360; baseline -0.001 -22"><span class='ocrx_word' id='word_1_146' title='bbox 346 3273 465 3340; x_wconf 91' lang='lat' dir='ltr'><strong>Pollice</strong></span> <span class='ocrx_word' id='word_1_147' title='bbox 495 3297 576 3359; x_wconf 89' lang='lat' dir='ltr'><strong>quae</strong></span> <span class='ocrx_word' id='word_1_148' title='bbox 607 3277 693 3340; x_wconf 89' lang='lat' dir='ltr'><strong>certo</strong></span> <span class='ocrx_word' id='word_1_149' title='bbox 724 3295 822 3360; x_wconf 88' lang='lat' dir='ltr'><strong>pensa</strong></span> <span class='ocrx_word' id='word_1_150' title='bbox 846 3295 956 3339; x_wconf 88' lang='lat' dir='ltr'><strong>seuera</strong></span> <span class='ocrx_word' id='word_1_151' title='bbox 979 3274 1134 3356; x_wconf 87' lang='lat' dir='ltr'><strong>trahunt,</strong></span> 
     </span>
     <span class='ocr_line' id='line_1_25' title="bbox 163 3395 1360 3483; baseline -0.001 -22"><span class='ocrx_word' id='word_1_152' title='bbox 163 3396 219 3462; x_wconf 91' lang='lat' dir='ltr'><strong>ubi</strong></span> <span class='ocrx_word' id='word_1_153' title='bbox 241 3400 351 3462; x_wconf 86' lang='lat' dir='ltr'><strong>tamen</strong></span> <span class='ocrx_word' id='word_1_154' title='bbox 375 3418 462 3462; x_wconf 88' lang='lat' dir='ltr'><strong>nunc</strong></span> <span class='ocrx_word' id='word_1_155' title='bbox 480 3420 499 3461; x_wconf 90' lang='lat' dir='ltr'><strong>a</strong></span> <span class='ocrx_word' id='word_1_156' title='bbox 517 3396 712 3462; x_wconf 89' lang='lat' dir='ltr'><strong>Baehrensio</strong></span> <span class='ocrx_word' id='word_1_157' title='bbox 732 3397 835 3483; x_wconf 89' lang='lat' dir='ltr'><strong>(Poet.</strong></span> <span class='ocrx_word' id='word_1_158' title='bbox 857 3396 926 3460; x_wconf 87' lang='lat' dir='ltr'><strong>Lat.</strong></span> <span class='ocrx_word' id='word_1_159' title='bbox 951 3395 1028 3460; x_wconf 92' lang='lat' dir='ltr'><strong>Min.</strong></span> <span class='ocrx_word' id='word_1_160' title='bbox 1052 3395 1077 3461; x_wconf 93' lang='grc' dir='ltr'><strong>Ι.</strong></span> <span class='ocrx_word' id='word_1_161' title='bbox 1094 3417 1126 3479; x_wconf 89' lang='lat' dir='ltr'><strong>p.</strong></span> <span class='ocrx_word' id='word_1_162' title='bbox 1143 3395 1220 3480; x_wconf 88' lang='grc'><strong>112)</strong></span> <span class='ocrx_word' id='word_1_163' title='bbox 1234 3395 1360 3461; x_wconf 87' lang='lat' dir='ltr'><strong>exedit.</strong></span> 
     </span>
     <span class='ocr_line' id='line_1_26' title="bbox 165 3517 738 3605; baseline 0.007 -23"><span class='ocrx_word' id='word_1_164' title='bbox 165 3518 268 3603; x_wconf 86' lang='lat' dir='ltr'><strong>princ.</strong></span> <span class='ocrx_word' id='word_1_165' title='bbox 290 3517 462 3605; x_wconf 85' lang='lat' dir='ltr'><strong>R(omana)</strong></span> <span class='ocrx_word' id='word_1_166' title='bbox 486 3522 649 3603; x_wconf 90' lang='lat' dir='ltr'><strong>receptum</strong></span> <span class='ocrx_word' id='word_1_167' title='bbox 673 3521 738 3586; x_wconf 89' lang='lat' dir='ltr'><strong>est:</strong></span> 
     </span>
     <span class='ocr_line' id='line_1_27' title="bbox 388 3638 1135 3727; baseline -0.003 -21"><span class='ocrx_word' id='word_1_168' title='bbox 388 3641 493 3727; x_wconf 89' lang='lat' dir='ltr'><strong>Impia</strong></span> <span class='ocrx_word' id='word_1_169' title='bbox 515 3663 597 3727; x_wconf 88' lang='lat' dir='ltr'><strong>quae</strong></span> <span class='ocrx_word' id='word_1_170' title='bbox 619 3645 704 3707; x_wconf 88' lang='lat' dir='ltr'><strong>certo</strong></span> <span class='ocrx_word' id='word_1_171' title='bbox 729 3641 844 3725; x_wconf 92' lang='lat' dir='ltr'><strong>pollice</strong></span> <span class='ocrx_word' id='word_1_172' title='bbox 868 3657 968 3726; x_wconf 88' lang='lat' dir='ltr'><strong>pensa</strong></span> <span class='ocrx_word' id='word_1_173' title='bbox 991 3638 1135 3705; x_wconf 88' lang='lat' dir='ltr'><strong>trahunt.</strong></span> 
     </span>
    </p>
   </div>
   <div class='ocr_carea' id='block_1_6' title="bbox 675 3869 865 3880">
    <p class='ocr_par' dir='ltr' id='par_1_6' title="bbox 675 3869 865 3880">
     <span class='ocr_line' id='line_1_28' title="bbox 675 3869 865 3880; baseline -0.005 -1"><span class='ocrx_word' id='word_1_174' title='bbox 675 3869 865 3880; x_wconf 45' lang='grc' dir='ltr'><strong>...κω-...ῥ-</strong></span> 
     </span>
    </p>
   </div>
   <div class='ocr_carea' id='block_1_7' title="bbox 663 4029 872 4098">
    <p class='ocr_par' dir='ltr' id='par_1_7' title="bbox 663 4029 872 4098">
     <span class='ocr_line' id='line_1_29' title="bbox 663 4029 872 4098; baseline -0.01 0"><span class='ocrx_word' id='word_1_175' title='bbox 663 4029 806 4098; x_wconf 66' lang='lat' dir='ltr'><strong>capvt</strong></span> <span class='ocrx_word' id='word_1_176' title='bbox 828 4030 872 4097; x_wconf 93' lang='grc' dir='ltr'><strong>Π.</strong></span> 
     </span>
    </p>
   </div>
   <div class='ocr_carea' id='block_1_8' title="bbox 164 4211 1364 4425">
    <p class='ocr_par' dir='ltr' id='par_1_8' title="bbox 164 4211 1364 4425">
     <span class='ocr_line' id='line_1_30' title="bbox 208 4211 1364 4302; baseline 0.002 -23"><span class='ocrx_word' id='word_1_177' title='bbox 208 4211 327 4290; x_wconf 81' lang='lat' dir='ltr'><strong>Quodsi</strong></span> <span class='ocrx_word' id='word_1_178' title='bbox 349 4214 451 4300; x_wconf 83' lang='lat' dir='ltr'><strong>igitur</strong></span> <span class='ocrx_word' id='word_1_179' title='bbox 472 4216 549 4283; x_wconf 89' lang='lat' dir='ltr'><strong>satis</strong></span> <span class='ocrx_word' id='word_1_180' title='bbox 573 4217 739 4283; x_wconf 83' lang='lat' dir='ltr'><strong>manifeste</strong></span> <span class='ocrx_word' id='word_1_181' title='bbox 762 4219 1017 4282; x_wconf 88' lang='lat' dir='ltr'><strong>demonstratum</strong></span> <span class='ocrx_word' id='word_1_182' title='bbox 1040 4221 1088 4282; x_wconf 90' lang='lat' dir='ltr'><strong>est</strong></span> <span class='ocrx_word' id='word_1_183' title='bbox 1116 4216 1264 4302; x_wconf 86' lang='lat' dir='ltr'><strong>Sapphus</strong></span> <span class='ocrx_word' id='word_1_184' title='bbox 1296 4215 1364 4302; x_wconf 93' lang='lat' dir='ltr'><strong>epi-</strong></span> 
     </span>
     <span class='ocr_line' id='line_1_31' title="bbox 164 4337 1362 4425; baseline 0 -23"><span class='ocrx_word' id='word_1_185' title='bbox 164 4337 281 4402; x_wconf 89' lang='lat' dir='ltr'><strong>stulam</strong></span> <span class='ocrx_word' id='word_1_186' title='bbox 310 4337 375 4403; x_wconf 89' lang='lat' dir='ltr'><strong>iam</strong></span> <span class='ocrx_word' id='word_1_187' title='bbox 405 4342 508 4404; x_wconf 88' lang='lat' dir='ltr'><strong>aetate</strong></span> <span class='ocrx_word' id='word_1_188' title='bbox 538 4343 603 4405; x_wconf 90' lang='lat' dir='ltr'><strong>tam</strong></span> <span class='ocrx_word' id='word_1_189' title='bbox 631 4341 765 4425; x_wconf 89' lang='lat' dir='ltr'><strong>antiqua</strong></span> <span class='ocrx_word' id='word_1_190' title='bbox 796 4340 960 4425; x_wconf 83' lang='lat' dir='ltr'><strong>cognitam</strong></span> <span class='ocrx_word' id='word_1_191' title='bbox 993 4338 1091 4406; x_wconf 84' lang='lat' dir='ltr'><strong>fuisse</strong></span> <span class='ocrx_word' id='word_1_192' title='bbox 1115 4339 1266 4423; x_wconf 87' lang='lat' dir='ltr'><strong>breuique</strong></span> <span class='ocrx_word' id='word_1_193' title='bbox 1289 4341 1362 4423; x_wconf 90' lang='lat' dir='ltr'><strong>post</strong></span> 
     </span>
    </p>
   </div>
   <div class='ocr_carea' id='block_1_9' title="bbox 201 4561 886 4710">
    <p class='ocr_par' dir='ltr' id='par_1_9' title="bbox 201 4561 886 4710">
     <span class='ocr_line' id='line_1_32' title="bbox 201 4561 886 4629; baseline 0 -19"><span class='ocrx_word' id='word_1_194' title='bbox 201 4561 282 4625; x_wconf 81' lang='lat' dir='ltr'><strong>1)cr.</strong></span> <span class='ocrx_word' id='word_1_195' title='bbox 302 4561 401 4627; x_wconf 88' lang='lat' dir='ltr'><strong>Haupt,</strong></span> <span class='ocrx_word' id='word_1_196' title='bbox 421 4561 517 4627; x_wconf 77' lang='lat' dir='ltr'><strong>ltpiocd.</strong></span> <span class='ocrx_word' id='word_1_197' title='bbox 538 4562 608 4610; x_wconf 82' lang='lat' dir='ltr'><strong>Drua.</strong></span> <span class='ocrx_word' id='word_1_198' title='bbox 626 4575 681 4612; x_wconf 86' lang='lat' dir='ltr'><strong>cum</strong></span> <span class='ocrx_word' id='word_1_199' title='bbox 699 4576 783 4613; x_wconf 87' lang='lat' dir='ltr'><strong>comm.</strong></span> <span class='ocrx_word' id='word_1_200' title='bbox 802 4578 826 4629; x_wconf 89' lang='lat' dir='ltr'><strong>p.</strong></span> <span class='ocrx_word' id='word_1_201' title='bbox 845 4562 886 4612; x_wconf 78' lang='grc'><strong>23.</strong></span> 
     </span>
     <span class='ocr_line' id='line_1_33' title="bbox 201 4642 694 4710; baseline 0.002 -17"><span class='ocrx_word' id='word_1_202' title='bbox 201 4643 229 4710; x_wconf 80' lang='grc'><strong>2)</strong></span> <span class='ocrx_word' id='word_1_203' title='bbox 249 4643 302 4694; x_wconf 73' lang='lat' dir='ltr'><strong>viu</strong></span> <span class='ocrx_word' id='word_1_204' title='bbox 321 4644 519 4695; x_wconf 85' lang='lat' dir='ltr'><strong>commentarium</strong></span> <span class='ocrx_word' id='word_1_205' title='bbox 536 4645 565 4694; x_wconf 86' lang='lat' dir='ltr'><strong>ad</strong></span> <span class='ocrx_word' id='word_1_206' title='bbox 583 4659 617 4694; x_wconf 85' lang='lat' dir='ltr'><strong>us.</strong></span> <span class='ocrx_word' id='word_1_207' title='bbox 638 4642 694 4695; x_wconf 73' lang='lat'><strong>174.</strong></span> 
     </span>
    </p>
   </div>
   <div class='ocr_carea' id='block_1_10' title="bbox 0 0 1694 5346">
    <p class='ocr_par' dir='ltr' id='par_1_10' title="bbox 0 0 1694 5346">
     <span class='ocr_line' id='line_1_34' title="bbox 0 0 1694 5346; baseline 0 3"><span class='ocrx_word' id='word_1_208' title='bbox 0 0 1694 5346; x_wconf 95' lang='lat' dir='ltr'><strong> </strong></span> 
     </span>
    </p>
   </div>
  </div>
 </body>
</html>
