<?xml version="1.0" encoding="UTF-8"?>
<!DOCTYPE html PUBLIC "-//W3C//DTD XHTML 1.0 Transitional//EN"
    "http://www.w3.org/TR/xhtml1/DTD/xhtml1-transitional.dtd">
<html xmlns="http://www.w3.org/1999/xhtml" xml:lang="en" lang="en">
 <head>
  <title>
</title>
<meta http-equiv="Content-Type" content="text/html;charset=utf-8" />
  <meta name='ocr-system' content='tesseract 3.04.00' />
  <meta name='ocr-capabilities' content='ocr_page ocr_carea ocr_par ocr_line ocrx_word'/>
</head>
<body>
  <div class='ocr_page' id='page_1' title='image "./epistvlasapphvs00vriegoog_0113.png"; bbox 0 0 3380 5346; ppageno 0'>
   <div class='ocr_carea' id='block_1_1' title="bbox 909 368 953 437">
    <p class='ocr_par' dir='ltr' id='par_1_1' title="bbox 909 368 953 437">
     <span class='ocr_line' id='line_1_1' title="bbox 909 368 953 437; baseline -0.023 0"><span class='ocrx_word' id='word_1_1' title='bbox 909 368 953 437; x_wconf 83' lang='lat'><strong>98</strong></span> 
     </span>
    </p>
   </div>
   <div class='ocr_carea' id='block_1_2' title="bbox 331 555 1522 642">
    <p class='ocr_par' dir='ltr' id='par_1_2' title="bbox 331 555 1522 642">
     <span class='ocr_line' id='line_1_2' title="bbox 331 555 1522 642; baseline -0.004 -18"><span class='ocrx_word' id='word_1_2' title='bbox 331 560 425 624; x_wconf 86' lang='lat' dir='ltr'><strong>nient</strong></span> <span class='ocrx_word' id='word_1_3' title='bbox 453 580 515 622; x_wconf 90' lang='lat' dir='ltr'><strong>uss.</strong></span> <span class='ocrx_word' id='word_1_4' title='bbox 550 557 613 630; x_wconf 87' lang='grc'><strong>157</strong></span> <span class='ocrx_word' id='word_1_5' title='bbox 645 579 713 641; x_wconf 90' lang='lat' dir='ltr'><strong>sqq.</strong></span> <span class='ocrx_word' id='word_1_6' title='bbox 746 560 778 620; x_wconf 88' lang='lat' dir='ltr'><strong>et</strong></span> <span class='ocrx_word' id='word_1_7' title='bbox 809 555 883 622; x_wconf 86' lang='lat' dir='ltr'><strong>Her.</strong></span> <span class='ocrx_word' id='word_1_8' title='bbox 918 557 992 622; x_wconf 91' lang='lat' dir='ltr'><strong>XV.</strong></span> <span class='ocrx_word' id='word_1_9' title='bbox 1027 579 1090 622; x_wconf 90' lang='lat' dir='ltr'><strong>uss.</strong></span> <span class='ocrx_word' id='word_1_10' title='bbox 1117 558 1160 624; x_wconf 87' lang='lat'><strong>53</strong></span> <span class='ocrx_word' id='word_1_11' title='bbox 1184 558 1272 642; x_wconf 79' lang='lat' dir='ltr'><strong>sqq,</strong></span> <span class='ocrx_word' id='word_1_12' title='bbox 1297 557 1353 622; x_wconf 91' lang='lat' dir='ltr'><strong>ubi</strong></span> <span class='ocrx_word' id='word_1_13' title='bbox 1376 556 1522 620; x_wconf 89' lang='lat' dir='ltr'><strong>similiter</strong></span> 
     </span>
    </p>
   </div>
   <div class='ocr_carea' id='block_1_3' title="bbox 325 677 1523 2467">
    <p class='ocr_par' dir='ltr' id='par_1_3' title="bbox 325 677 1523 2467">
     <span class='ocr_line' id='line_1_3' title="bbox 331 677 1522 763; baseline -0.003 -18"><span class='ocrx_word' id='word_1_14' title='bbox 331 680 421 745; x_wconf 82' lang='lat' dir='ltr'><strong>Paris</strong></span> <span class='ocrx_word' id='word_1_15' title='bbox 444 682 556 746; x_wconf 82' lang='lat' dir='ltr'><strong>narret</strong></span> <span class='ocrx_word' id='word_1_16' title='bbox 578 678 640 743; x_wconf 92' lang='lat' dir='ltr'><strong>sibi</strong></span> <span class='ocrx_word' id='word_1_17' title='bbox 662 700 719 763; x_wconf 91' lang='lat' dir='ltr'><strong>per</strong></span> <span class='ocrx_word' id='word_1_18' title='bbox 741 679 853 743; x_wconf 86' lang='lat' dir='ltr'><strong>siluam</strong></span> <span class='ocrx_word' id='word_1_19' title='bbox 878 679 997 743; x_wconf 83' lang='lat' dir='ltr'><strong>erranti</strong></span> <span class='ocrx_word' id='word_1_20' title='bbox 1021 679 1214 744; x_wconf 79' lang='lat' dir='ltr'>Mercurium</span> <span class='ocrx_word' id='word_1_21' title='bbox 1233 700 1306 744; x_wconf 91' lang='lat' dir='ltr'><strong>oum</strong></span> <span class='ocrx_word' id='word_1_22' title='bbox 1325 677 1428 743; x_wconf 85' lang='lat' dir='ltr'><strong>tribus</strong></span> <span class='ocrx_word' id='word_1_23' title='bbox 1447 680 1522 742; x_wconf 86' lang='lat' dir='ltr'><strong>dee·</strong></span> 
     </span>
     <span class='ocr_line' id='line_1_4' title="bbox 330 794 1523 887; baseline -0.003 -20"><span class='ocrx_word' id='word_1_24' title='bbox 330 803 390 867; x_wconf 90' lang='lat' dir='ltr'><strong>bus</strong></span> <span class='ocrx_word' id='word_1_25' title='bbox 421 794 526 866; x_wconf 89' lang='lat' dir='ltr'><strong>uisum</strong></span> <span class='ocrx_word' id='word_1_26' title='bbox 559 822 641 866; x_wconf 89' lang='lat' dir='ltr'><strong>esse:</strong></span> <span class='ocrx_word' id='word_1_27' title='bbox 674 804 898 885; x_wconf 83' lang='lat' dir='ltr'><strong>oemparentur</strong></span> <span class='ocrx_word' id='word_1_28' title='bbox 921 803 1015 865; x_wconf 92' lang='lat' dir='ltr'><strong>modo</strong></span> <span class='ocrx_word' id='word_1_29' title='bbox 1040 801 1190 887; x_wconf 79' lang='lat' dir='ltr'><strong>Sapphus</strong></span> <span class='ocrx_word' id='word_1_30' title='bbox 1213 823 1261 887; x_wconf 91' lang='lat' dir='ltr'><strong>ep.</strong></span> <span class='ocrx_word' id='word_1_31' title='bbox 1287 823 1332 865; x_wconf 93' lang='lat' dir='ltr'><strong>us.</strong></span> <span class='ocrx_word' id='word_1_32' title='bbox 1362 799 1425 865; x_wconf 84' lang='grc'><strong>157</strong></span> <span class='ocrx_word' id='word_1_33' title='bbox 1451 821 1523 865; x_wconf 89' lang='lat' dir='ltr'><strong>oum</strong></span> 
     </span>
     <span class='ocr_line' id='line_1_5' title="bbox 330 920 1519 1001; baseline -0.002 -14"><span class='ocrx_word' id='word_1_34' title='bbox 330 921 402 987; x_wconf 91' lang='lat' dir='ltr'><strong>XV.</strong></span> <span class='ocrx_word' id='word_1_35' title='bbox 428 922 489 986; x_wconf 85' lang='lat'><strong>53:</strong></span> <span class='ocrx_word' id='word_1_36' title='bbox 513 920 573 986; x_wconf 79' lang='lat' dir='ltr'><strong>Est</strong></span> <span class='ocrx_word' id='word_1_37' title='bbox 595 921 683 986; x_wconf 89' lang='lat' dir='ltr'><strong>loeus</strong></span> <span class='ocrx_word' id='word_1_38' title='bbox 707 921 742 984; x_wconf 90' lang='lat' dir='ltr'><strong>in</strong></span> <span class='ocrx_word' id='word_1_39' title='bbox 766 921 887 986; x_wconf 82' lang='lat' dir='ltr'><strong>mediae</strong></span> <span class='ocrx_word' id='word_1_40' title='bbox 910 923 1084 987; x_wconf 85' lang='lat' dir='ltr'>nemorosis</span> <span class='ocrx_word' id='word_1_41' title='bbox 1108 922 1246 987; x_wconf 86' lang='lat' dir='ltr'><strong>uallibus</strong></span> <span class='ocrx_word' id='word_1_42' title='bbox 1269 925 1358 1001; x_wconf 78' lang='lat' dir='ltr'><strong>Idee3</strong></span> <span class='ocrx_word' id='word_1_43' title='bbox 1384 944 1431 990; x_wconf 88' lang='lat' dir='ltr'><strong>us.</strong></span> <span class='ocrx_word' id='word_1_44' title='bbox 1458 922 1519 985; x_wconf 87' lang='grc'><strong>161</strong></span> 
     </span>
     <span class='ocr_line' id='line_1_6' title="bbox 328 1041 1523 1128; baseline -0.003 -19"><span class='ocrx_word' id='word_1_45' title='bbox 328 1067 402 1109; x_wconf 89' lang='lat' dir='ltr'><strong>eum</strong></span> <span class='ocrx_word' id='word_1_46' title='bbox 425 1042 496 1108; x_wconf 92' lang='lat' dir='ltr'><strong>XV.</strong></span> <span class='ocrx_word' id='word_1_47' title='bbox 524 1043 565 1107; x_wconf 87' lang='grc'><strong>57</strong></span> <span class='ocrx_word' id='word_1_48' title='bbox 591 1065 653 1128; x_wconf 87' lang='lat' dir='ltr'><strong>sq.:</strong></span> <span class='ocrx_word' id='word_1_49' title='bbox 680 1041 767 1107; x_wconf 86' lang='lat' dir='ltr'><strong>Hine</strong></span> <span class='ocrx_word' id='word_1_50' title='bbox 789 1064 848 1128; x_wconf 85' lang='lat' dir='ltr'><strong>ego</strong></span> <span class='ocrx_word' id='word_1_51' title='bbox 945 1044 1058 1109; x_wconf 86' lang='lat' dir='ltr'><strong>arbore</strong></span> <span class='ocrx_word' id='word_1_52' title='bbox 1075 1044 1171 1110; x_wconf 92' lang='lat' dir='ltr'><strong>nixus</strong></span> <span class='ocrx_word' id='word_1_53' title='bbox 1191 1065 1355 1120; x_wconf 81' lang='lat' dir='ltr'><strong>eram3us.</strong></span> <span class='ocrx_word' id='word_1_54' title='bbox 1374 1043 1438 1106; x_wconf 80' lang='grc'><strong>162</strong></span> <span class='ocrx_word' id='word_1_55' title='bbox 1450 1063 1523 1107; x_wconf 87' lang='lat' dir='ltr'><strong>oum</strong></span> 
     </span>
     <span class='ocr_line' id='line_1_7' title="bbox 330 1162 1523 1250; baseline -0.004 -18"><span class='ocrx_word' id='word_1_56' title='bbox 330 1166 404 1232; x_wconf 91' lang='lat' dir='ltr'><strong>XV.</strong></span> <span class='ocrx_word' id='word_1_57' title='bbox 438 1165 498 1230; x_wconf 83' lang='lat'><strong>61:</strong></span> <span class='ocrx_word' id='word_1_58' title='bbox 531 1162 686 1229; x_wconf 72' lang='lat' dir='ltr'><strong>Constitit</strong></span> <span class='ocrx_word' id='word_1_59' title='bbox 714 1168 789 1230; x_wconf 86' lang='lat' dir='ltr'><strong>ante</strong></span> <span class='ocrx_word' id='word_1_60' title='bbox 820 1165 928 1231; x_wconf 85' lang='lat' dir='ltr'><strong>oeulos</strong></span> <span class='ocrx_word' id='word_1_61' title='bbox 1071 1164 1213 1230; x_wconf 82' lang='lat' dir='ltr'><strong>Atlantis</strong></span> <span class='ocrx_word' id='word_1_62' title='bbox 1241 1186 1358 1250; x_wconf 81' lang='lat' dir='ltr'><strong>nepos3</strong></span> <span class='ocrx_word' id='word_1_63' title='bbox 1383 1187 1429 1229; x_wconf 89' lang='lat' dir='ltr'><strong>us.</strong></span> <span class='ocrx_word' id='word_1_64' title='bbox 1459 1163 1523 1228; x_wconf 89' lang='grc'><strong>173</strong></span> 
     </span>
     <span class='ocr_line' id='line_1_8' title="bbox 329 1287 1417 1372; baseline -0.003 -19"><span class='ocrx_word' id='word_1_65' title='bbox 329 1310 401 1353; x_wconf 88' lang='lat' dir='ltr'><strong>oum</strong></span> <span class='ocrx_word' id='word_1_66' title='bbox 424 1287 498 1353; x_wconf 89' lang='lat' dir='ltr'><strong>XV.</strong></span> <span class='ocrx_word' id='word_1_67' title='bbox 524 1289 586 1356; x_wconf 78' lang='lat'><strong>67:</strong></span> <span class='ocrx_word' id='word_1_68' title='bbox 611 1287 769 1372; x_wconf 73' lang='lat' dir='ltr'><strong>Obstupui</strong></span> <span class='ocrx_word' id='word_1_69' title='bbox 795 1287 979 1372; x_wconf 81' lang='lat' dir='ltr'><strong>gelidusque</strong></span> <span class='ocrx_word' id='word_1_70' title='bbox 1003 1309 1108 1353; x_wconf 86' lang='lat' dir='ltr'><strong>eomas</strong></span> <span class='ocrx_word' id='word_1_71' title='bbox 1130 1291 1272 1352; x_wconf 81' lang='lat' dir='ltr'><strong>erexerat</strong></span> <span class='ocrx_word' id='word_1_72' title='bbox 1295 1287 1417 1352; x_wconf 88' lang='lat' dir='ltr'><strong>horror.</strong></span> 
     </span>
     <span class='ocr_line' id='line_1_9' title="bbox 374 1406 1523 1493; baseline -0.003 -19"><span class='ocrx_word' id='word_1_73' title='bbox 374 1409 427 1474; x_wconf 88' lang='lat' dir='ltr'><strong>Vs.</strong></span> <span class='ocrx_word' id='word_1_74' title='bbox 462 1409 648 1475; x_wconf 85' lang='grc'><strong>162-163.</strong></span> <span class='ocrx_word' id='word_1_75' title='bbox 682 1408 857 1474; x_wconf 82' lang='lat' dir='ltr'><strong>Cousrrmr</strong></span> <span class='ocrx_word' id='word_1_76' title='bbox 956 1406 1149 1474; x_wconf 74' lang='lat' dir='ltr'><strong>(lousmumr</strong></span> <span class='ocrx_word' id='word_1_77' title='bbox 1174 1407 1293 1475; x_wconf 82' lang='lat' dir='ltr'><strong>Similis</strong></span> <span class='ocrx_word' id='word_1_78' title='bbox 1316 1407 1463 1493; x_wconf 74' lang='lat' dir='ltr'><strong>repetitio</strong></span> <span class='ocrx_word' id='word_1_79' title='bbox 1486 1407 1523 1471; x_wconf 92' lang='lat' dir='ltr'><strong>in</strong></span> 
     </span>
     <span class='ocr_line' id='line_1_10' title="bbox 327 1529 1521 1617; baseline -0.003 -20"><span class='ocrx_word' id='word_1_80' title='bbox 327 1531 519 1617; x_wconf 77' lang='lat' dir='ltr'><strong>pentametri</strong></span> <span class='ocrx_word' id='word_1_81' title='bbox 536 1532 760 1617; x_wconf 89' lang='lat' dir='ltr'><strong>sequentisque</strong></span> <span class='ocrx_word' id='word_1_82' title='bbox 779 1531 954 1596; x_wconf 85' lang='lat' dir='ltr'><strong>hexametri</strong></span> <span class='ocrx_word' id='word_1_83' title='bbox 965 1531 1059 1596; x_wconf 89' lang='lat' dir='ltr'><strong>initio</strong></span> <span class='ocrx_word' id='word_1_84' title='bbox 1072 1533 1120 1595; x_wconf 88' lang='lat' dir='ltr'><strong>est</strong></span> <span class='ocrx_word' id='word_1_85' title='bbox 1132 1552 1158 1598; x_wconf 89' lang='lat' dir='ltr'><strong>e.</strong></span> <span class='ocrx_word' id='word_1_86' title='bbox 1173 1550 1204 1616; x_wconf 80' lang='lat' dir='ltr'><strong>g.</strong></span> <span class='ocrx_word' id='word_1_87' title='bbox 1218 1529 1303 1598; x_wconf 81' lang='lat' dir='ltr'><strong>Fest.</strong></span> <span class='ocrx_word' id='word_1_88' title='bbox 1317 1530 1361 1597; x_wconf 94' lang='lat' dir='ltr'><strong>II.</strong></span> <span class='ocrx_word' id='word_1_89' title='bbox 1376 1531 1440 1594; x_wconf 86' lang='grc'><strong>366</strong></span> <span class='ocrx_word' id='word_1_90' title='bbox 1453 1551 1499 1613; x_wconf 88' lang='lat' dir='ltr'><strong>sq.</strong></span> <span class='ocrx_word' id='word_1_91' title='bbox 1513 1550 1521 1593; x_wconf 90' lang='lat'>:</span> 
     </span>
     <span class='ocr_line' id='line_1_11' title="bbox 579 1650 1328 1737; baseline -0.003 -19"><span class='ocrx_word' id='word_1_92' title='bbox 579 1652 668 1718; x_wconf 88' lang='lat' dir='ltr'><strong>Vidit</strong></span> <span class='ocrx_word' id='word_1_93' title='bbox 690 1653 731 1717; x_wconf 87' lang='lat' dir='ltr'><strong>ab</strong></span> <span class='ocrx_word' id='word_1_94' title='bbox 754 1653 875 1718; x_wconf 85' lang='lat' dir='ltr'><strong>exoelso</strong></span> <span class='ocrx_word' id='word_1_95' title='bbox 898 1650 1027 1717; x_wconf 84' lang='lat' dir='ltr'><strong>Faunus</strong></span> <span class='ocrx_word' id='word_1_96' title='bbox 1049 1655 1219 1737; x_wconf 91' lang='lat' dir='ltr'><strong>utrumque</strong></span> <span class='ocrx_word' id='word_1_97' title='bbox 1241 1651 1328 1737; x_wconf 82' lang='lat' dir='ltr'><strong>iugo.</strong></span> 
     </span>
     <span class='ocr_line' id='line_1_12' title="bbox 529 1773 914 1841; baseline 0.008 -3"><span class='ocrx_word' id='word_1_98' title='bbox 529 1773 617 1839; x_wconf 85' lang='lat' dir='ltr'><strong>Vidit</strong></span> <span class='ocrx_word' id='word_1_99' title='bbox 640 1777 673 1838; x_wconf 88' lang='lat' dir='ltr'><strong>et</strong></span> <span class='ocrx_word' id='word_1_100' title='bbox 692 1774 827 1840; x_wconf 80' lang='lat' dir='ltr'><strong>incaluit</strong></span> <span class='ocrx_word' id='word_1_101' title='bbox 840 1825 847 1840; x_wconf 93' lang='lat'><strong>.</strong></span> <span class='ocrx_word' id='word_1_102' title='bbox 862 1823 869 1839; x_wconf 95' lang='lat'><strong>.</strong></span> <span class='ocrx_word' id='word_1_103' title='bbox 884 1823 914 1841; x_wconf 83' lang='lat'><strong>..</strong></span> 
     </span>
     <span class='ocr_line' id='line_1_13' title="bbox 326 1893 1521 1982; baseline 0.001 -22"><span class='ocrx_word' id='word_1_104' title='bbox 326 1893 389 1960; x_wconf 91' lang='lat' dir='ltr'><strong>uid.</strong></span> <span class='ocrx_word' id='word_1_105' title='bbox 403 1893 499 1960; x_wconf 86' lang='lat' dir='ltr'><strong>Loers</strong></span> <span class='ocrx_word' id='word_1_106' title='bbox 511 1898 551 1959; x_wconf 85' lang='lat' dir='ltr'><strong>ed</strong></span> <span class='ocrx_word' id='word_1_107' title='bbox 563 1895 640 1960; x_wconf 87' lang='lat' dir='ltr'><strong>Her.</strong></span> <span class='ocrx_word' id='word_1_108' title='bbox 652 1893 724 1960; x_wconf 87' lang='lat' dir='ltr'>XII.</span> <span class='ocrx_word' id='word_1_109' title='bbox 740 1898 792 1961; x_wconf 87' lang='grc'><strong>33.</strong></span> <span class='ocrx_word' id='word_1_110' title='bbox 807 1895 932 1982; x_wconf 84' lang='lat' dir='ltr'><strong>(Loewe</strong></span> <span class='ocrx_word' id='word_1_111' title='bbox 943 1943 950 1974; x_wconf 93' lang='lat'><strong>,</strong></span> <span class='ocrx_word' id='word_1_112' title='bbox 963 1897 1003 1961; x_wconf 91' lang='lat' dir='ltr'><strong>de</strong></span> <span class='ocrx_word' id='word_1_113' title='bbox 1013 1895 1179 1961; x_wconf 81' lang='lat' dir='ltr'><strong>nonnullis</strong></span> <span class='ocrx_word' id='word_1_114' title='bbox 1191 1894 1320 1981; x_wconf 80' lang='lat' dir='ltr'><strong>liguris,</strong></span> <span class='ocrx_word' id='word_1_115' title='bbox 1334 1899 1392 1962; x_wconf 89' lang='lat' dir='ltr'><strong>oet.</strong></span> <span class='ocrx_word' id='word_1_116' title='bbox 1405 1917 1438 1979; x_wconf 89' lang='lat' dir='ltr'><strong>p.</strong></span> <span class='ocrx_word' id='word_1_117' title='bbox 1453 1895 1521 1980; x_wconf 85' lang='lat'><strong>30).</strong></span> 
     </span>
     <span class='ocr_line' id='line_1_14' title="bbox 372 2005 1327 2100; baseline 0.004 -22"><span class='ocrx_word' id='word_1_118' title='bbox 372 2036 503 2081; x_wconf 81' lang='lat' dir='ltr'><strong>romeus</strong></span> <span class='ocrx_word' id='word_1_119' title='bbox 527 2035 661 2095; x_wconf 75' lang='lat' dir='ltr'><strong>naevis,</strong></span> <span class='ocrx_word' id='word_1_120' title='bbox 685 2005 843 2100; x_wconf 75' lang='lat' dir='ltr'><strong>peribus,</strong></span> <span class='ocrx_word' id='word_1_121' title='bbox 858 2019 993 2096; x_wconf 91' lang='lat' dir='ltr'><strong>mutuis,</strong></span> <span class='ocrx_word' id='word_1_122' title='bbox 1017 2020 1054 2082; x_wconf 88' lang='lat' dir='ltr'><strong>ut</strong></span> <span class='ocrx_word' id='word_1_123' title='bbox 1077 2017 1153 2083; x_wconf 89' lang='lat' dir='ltr'><strong>Met.</strong></span> <span class='ocrx_word' id='word_1_124' title='bbox 1179 2016 1237 2082; x_wconf 94' lang='lat' dir='ltr'><strong>IV.</strong></span> <span class='ocrx_word' id='word_1_125' title='bbox 1265 2018 1327 2083; x_wconf 80' lang='lat'><strong>62:</strong></span> 
     </span>
     <span class='ocr_line' id='line_1_15' title="bbox 598 2136 1388 2223; baseline 0.004 -22"><span class='ocrx_word' id='word_1_126' title='bbox 598 2136 648 2202; x_wconf 84' lang='lat' dir='ltr'><strong>Ex</strong></span> <span class='ocrx_word' id='word_1_127' title='bbox 670 2159 770 2222; x_wconf 87' lang='lat' dir='ltr'><strong>aequo</strong></span> <span class='ocrx_word' id='word_1_128' title='bbox 794 2139 896 2223; x_wconf 77' lang='lat' dir='ltr'><strong>captis</strong></span> <span class='ocrx_word' id='word_1_129' title='bbox 919 2139 1075 2204; x_wconf 83' lang='lat' dir='ltr'><strong>ardebant</strong></span> <span class='ocrx_word' id='word_1_130' title='bbox 1097 2138 1258 2204; x_wconf 92' lang='lat' dir='ltr'><strong>mentibus</strong></span> <span class='ocrx_word' id='word_1_131' title='bbox 1282 2138 1388 2204; x_wconf 83' lang='lat' dir='ltr'><strong>ambo.</strong></span> 
     </span>
     <span class='ocr_line' id='line_1_16' title="bbox 325 2252 1519 2345; baseline 0 -23"><span class='ocrx_word' id='word_1_132' title='bbox 325 2257 402 2322; x_wconf 91' lang='lat' dir='ltr'><strong>Met.</strong></span> <span class='ocrx_word' id='word_1_133' title='bbox 415 2257 472 2322; x_wconf 90' lang='lat' dir='ltr'><strong>IX.</strong></span> <span class='ocrx_word' id='word_1_134' title='bbox 488 2259 565 2323; x_wconf 81' lang='lat'><strong>720:</strong></span> <span class='ocrx_word' id='word_1_135' title='bbox 589 2258 676 2324; x_wconf 89' lang='lat' dir='ltr'><strong>Hine</strong></span> <span class='ocrx_word' id='word_1_136' title='bbox 695 2280 784 2323; x_wconf 86' lang='lat' dir='ltr'><strong>emor</strong></span> <span class='ocrx_word' id='word_1_137' title='bbox 803 2252 968 2324; x_wconf 83' lang='lat' dir='ltr'><strong>ambarum</strong></span> <span class='ocrx_word' id='word_1_138' title='bbox 983 2259 1092 2344; x_wconf 85' lang='lat' dir='ltr'><strong>tetigit</strong></span> <span class='ocrx_word' id='word_1_139' title='bbox 1102 2263 1180 2324; x_wconf 89' lang='lat' dir='ltr'><strong>rude</strong></span> <span class='ocrx_word' id='word_1_140' title='bbox 1192 2263 1322 2345; x_wconf 89' lang='lat' dir='ltr'><strong>peetus,</strong></span> <span class='ocrx_word' id='word_1_141' title='bbox 1335 2262 1369 2324; x_wconf 91' lang='lat' dir='ltr'><strong>et</strong></span> <span class='ocrx_word' id='word_1_142' title='bbox 1380 2280 1519 2344; x_wconf 86' lang='lat' dir='ltr'><strong>aequum</strong></span> 
     </span>
     <span class='ocr_line' id='line_1_17' title="bbox 593 2380 1445 2467; baseline 0.002 -21"><span class='ocrx_word' id='word_1_143' title='bbox 593 2380 717 2448; x_wconf 83' lang='lat' dir='ltr'><strong>Vulnus</strong></span> <span class='ocrx_word' id='word_1_144' title='bbox 740 2381 866 2466; x_wconf 90' lang='lat' dir='ltr'><strong>utrique</strong></span> <span class='ocrx_word' id='word_1_145' title='bbox 890 2381 991 2458; x_wconf 81' lang='lat' dir='ltr'><strong>dedit3</strong></span> <span class='ocrx_word' id='word_1_146' title='bbox 1016 2385 1070 2447; x_wconf 90' lang='lat' dir='ltr'><strong>sed</strong></span> <span class='ocrx_word' id='word_1_147' title='bbox 1093 2384 1162 2446; x_wconf 86' lang='lat' dir='ltr'><strong>erat</strong></span> <span class='ocrx_word' id='word_1_148' title='bbox 1185 2382 1302 2447; x_wconf 84' lang='lat' dir='ltr'><strong>fiducie</strong></span> <span class='ocrx_word' id='word_1_149' title='bbox 1325 2381 1445 2467; x_wconf 86' lang='lat' dir='ltr'><strong>dispar.</strong></span> 
     </span>
    </p>
   </div>
   <div class='ocr_carea' id='block_1_4' title="bbox 281 2623 1522 3560">
    <p class='ocr_par' dir='ltr' id='par_1_4' title="bbox 281 2623 1522 3560">
     <span class='ocr_line' id='line_1_18' title="bbox 368 2623 1522 2710; baseline -0.001 -19"><span class='ocrx_word' id='word_1_150' title='bbox 368 2624 427 2692; x_wconf 91' lang='lat' dir='ltr'><strong>Vs.</strong></span> <span class='ocrx_word' id='word_1_151' title='bbox 452 2626 527 2690; x_wconf 91' lang='grc'><strong>164.</strong></span> <span class='ocrx_word' id='word_1_152' title='bbox 559 2623 733 2690; x_wconf 76' lang='lat' dir='ltr'><strong>Auserem</strong></span> <span class='ocrx_word' id='word_1_153' title='bbox 763 2645 820 2688; x_wconf 81' lang='lat' dir='ltr'><strong>sss</strong></span> <span class='ocrx_word' id='word_1_154' title='bbox 851 2644 955 2689; x_wconf 76' lang='lat' dir='ltr'><strong>rasas</strong></span> <span class='ocrx_word' id='word_1_155' title='bbox 988 2644 1135 2690; x_wconf 76' lang='lat' dir='ltr'><strong>prrsum</strong></span> <span class='ocrx_word' id='word_1_156' title='bbox 1165 2644 1233 2688; x_wconf 85' lang='lat' dir='ltr'><strong>r1e1</strong></span> <span class='ocrx_word' id='word_1_157' title='bbox 1257 2625 1458 2710; x_wconf 82' lang='lat' dir='ltr'><strong>scripsimus,</strong></span> <span class='ocrx_word' id='word_1_158' title='bbox 1481 2628 1522 2690; x_wconf 90' lang='lat' dir='ltr'><strong>ut</strong></span> 
     </span>
     <span class='ocr_line' id='line_1_19' title="bbox 322 2745 1519 2834; baseline -0.001 -23"><span class='ocrx_word' id='word_1_159' title='bbox 322 2750 371 2811; x_wconf 91' lang='lat' dir='ltr'><strong>est</strong></span> <span class='ocrx_word' id='word_1_160' title='bbox 404 2747 440 2810; x_wconf 89' lang='lat' dir='ltr'><strong>in</strong></span> <span class='ocrx_word' id='word_1_161' title='bbox 470 2749 509 2834; x_wconf 87' lang='lat' dir='ltr'><strong>f,</strong></span> <span class='ocrx_word' id='word_1_162' title='bbox 546 2749 631 2831; x_wconf 89' lang='lat' dir='ltr'><strong>quod</strong></span> <span class='ocrx_word' id='word_1_163' title='bbox 667 2746 819 2811; x_wconf 87' lang='lat' dir='ltr'><strong>Heinsius</strong></span> <span class='ocrx_word' id='word_1_164' title='bbox 850 2768 888 2810; x_wconf 91' lang='lat' dir='ltr'><strong>ox</strong></span> <span class='ocrx_word' id='word_1_165' title='bbox 919 2745 1025 2811; x_wconf 90' lang='lat' dir='ltr'><strong>oodioe</strong></span> <span class='ocrx_word' id='word_1_166' title='bbox 1056 2767 1113 2811; x_wconf 92' lang='lat' dir='ltr'><strong>suo</strong></span> <span class='ocrx_word' id='word_1_167' title='bbox 1137 2745 1296 2812; x_wconf 86' lang='lat' dir='ltr'><strong>Vatioeno</strong></span> <span class='ocrx_word' id='word_1_168' title='bbox 1320 2747 1458 2811; x_wconf 86' lang='lat' dir='ltr'><strong>mutauit</strong></span> <span class='ocrx_word' id='word_1_169' title='bbox 1480 2746 1519 2811; x_wconf 92' lang='lat' dir='ltr'><strong>in</strong></span> 
     </span>
     <span class='ocr_line' id='line_1_20' title="bbox 322 2866 1520 2954; baseline 0 -22"><span class='ocrx_word' id='word_1_170' title='bbox 322 2866 508 2932; x_wconf 82' lang='lat' dir='ltr'><strong>Ambracias</strong></span> <span class='ocrx_word' id='word_1_171' title='bbox 527 2879 549 2932; x_wconf 80' lang='lat' dir='ltr'><strong>t.</strong></span> <span class='ocrx_word' id='word_1_172' title='bbox 566 2893 601 2954; x_wconf 82' lang='lat' dir='ltr'><strong>p.</strong></span> <span class='ocrx_word' id='word_1_173' title='bbox 627 2868 684 2932; x_wconf 79' lang='lat' dir='ltr'><strong>tibi</strong></span> <span class='ocrx_word' id='word_1_174' title='bbox 705 2880 767 2943; x_wconf 79' lang='lat' dir='ltr'><strong>eot3</strong></span> <span class='ocrx_word' id='word_1_175' title='bbox 790 2866 952 2931; x_wconf 79' lang='lat' dir='ltr'><strong>Baehrens</strong></span> <span class='ocrx_word' id='word_1_176' title='bbox 977 2889 1015 2931; x_wconf 90' lang='lat' dir='ltr'><strong>ex</strong></span> <span class='ocrx_word' id='word_1_177' title='bbox 1039 2867 1149 2932; x_wconf 82' lang='lat' dir='ltr'><strong>ueteris</strong></span> <span class='ocrx_word' id='word_1_178' title='bbox 1174 2867 1354 2953; x_wconf 90' lang='lat' dir='ltr'><strong>plerisque,</strong></span> <span class='ocrx_word' id='word_1_179' title='bbox 1379 2866 1520 2932; x_wconf 80' lang='lat' dir='ltr'><strong>Ambra·</strong></span> 
     </span>
     <span class='ocr_line' id='line_1_21' title="bbox 322 2987 1521 3073; baseline -0.003 -18"><span class='ocrx_word' id='word_1_180' title='bbox 322 2991 397 3055; x_wconf 79' lang='lat' dir='ltr'><strong>otiis</strong></span> <span class='ocrx_word' id='word_1_181' title='bbox 420 2989 472 3054; x_wconf 89' lang='lat' dir='ltr'><strong>uel</strong></span> <span class='ocrx_word' id='word_1_182' title='bbox 495 2989 597 3054; x_wconf 88' lang='lat' dir='ltr'><strong>simile</strong></span> <span class='ocrx_word' id='word_1_183' title='bbox 620 2988 749 3073; x_wconf 75' lang='lat' dir='ltr'><strong>aliquod</strong></span> <span class='ocrx_word' id='word_1_184' title='bbox 772 2988 1016 3066; x_wconf 86' lang='lat' dir='ltr'><strong>exhibentibus,</strong></span> <span class='ocrx_word' id='word_1_185' title='bbox 1039 2988 1207 3073; x_wconf 88' lang='lat' dir='ltr'><strong>proposuit</strong></span> <span class='ocrx_word' id='word_1_186' title='bbox 1229 2987 1408 3054; x_wconf 78' lang='lat' dir='ltr'><strong>Ambrosios</strong></span> <span class='ocrx_word' id='word_1_187' title='bbox 1431 3001 1521 3054; x_wconf 81' lang='lat' dir='ltr'><strong>terra</strong></span> 
     </span>
     <span class='ocr_line' id='line_1_22' title="bbox 318 3108 1518 3197; baseline -0.002 -22"><span class='ocrx_word' id='word_1_188' title='bbox 318 3136 353 3197; x_wconf 83' lang='lat' dir='ltr'><strong>p.</strong></span> <span class='ocrx_word' id='word_1_189' title='bbox 386 3112 443 3176; x_wconf 78' lang='lat' dir='ltr'><strong>tibi</strong></span> <span class='ocrx_word' id='word_1_190' title='bbox 464 3123 518 3176; x_wconf 80' lang='lat' dir='ltr'><strong>est.</strong></span> <span class='ocrx_word' id='word_1_191' title='bbox 553 3108 600 3174; x_wconf 84' lang='lat' dir='ltr'><strong>At</strong></span> <span class='ocrx_word' id='word_1_192' title='bbox 627 3112 787 3194; x_wconf 87' lang='lat' dir='ltr'><strong>praestare</strong></span> <span class='ocrx_word' id='word_1_193' title='bbox 811 3109 891 3173; x_wconf 92' lang='lat' dir='ltr'><strong>mihi</strong></span> <span class='ocrx_word' id='word_1_194' title='bbox 914 3109 1041 3173; x_wconf 91' lang='lat' dir='ltr'><strong>uidetur</strong></span> <span class='ocrx_word' id='word_1_195' title='bbox 1068 3109 1162 3174; x_wconf 90' lang='lat' dir='ltr'><strong>leotio</strong></span> <span class='ocrx_word' id='word_1_196' title='bbox 1185 3131 1202 3173; x_wconf 90' lang='lat' dir='ltr'><strong>e</strong></span> <span class='ocrx_word' id='word_1_197' title='bbox 1221 3111 1251 3195; x_wconf 85' lang='lat' dir='ltr'><strong>f.</strong></span> <span class='ocrx_word' id='word_1_198' title='bbox 1279 3131 1374 3194; x_wconf 86' lang='lat' dir='ltr'><strong>supra</strong></span> <span class='ocrx_word' id='word_1_199' title='bbox 1400 3110 1518 3187; x_wconf 83' lang='lat' dir='ltr'><strong>allata,</strong></span> 
     </span>
     <span class='ocr_line' id='line_1_23' title="bbox 320 3230 1513 3315; baseline -0.001 -19"><span class='ocrx_word' id='word_1_200' title='bbox 320 3235 357 3296; x_wconf 90' lang='lat' dir='ltr'><strong>ut</strong></span> <span class='ocrx_word' id='word_1_201' title='bbox 388 3232 482 3296; x_wconf 86' lang='lat' dir='ltr'><strong>etiam</strong></span> <span class='ocrx_word' id='word_1_202' title='bbox 507 3231 583 3298; x_wconf 90' lang='lat' dir='ltr'><strong>Met.</strong></span> <span class='ocrx_word' id='word_1_203' title='bbox 608 3230 702 3296; x_wconf 89' lang='lat' dir='ltr'><strong>XIII.</strong></span> <span class='ocrx_word' id='word_1_204' title='bbox 729 3232 794 3296; x_wconf 88' lang='grc'><strong>714</strong></span> <span class='ocrx_word' id='word_1_205' title='bbox 817 3231 853 3294; x_wconf 91' lang='lat' dir='ltr'><strong>in</strong></span> <span class='ocrx_word' id='word_1_206' title='bbox 876 3231 1025 3295; x_wconf 90' lang='lat' dir='ltr'><strong>omnibus</strong></span> <span class='ocrx_word' id='word_1_207' title='bbox 1049 3230 1143 3296; x_wconf 89' lang='lat' dir='ltr'><strong>bonis</strong></span> <span class='ocrx_word' id='word_1_208' title='bbox 1167 3231 1259 3306; x_wconf 89' lang='lat' dir='ltr'><strong>oodd.</strong></span> <span class='ocrx_word' id='word_1_209' title='bbox 1283 3233 1332 3295; x_wconf 88' lang='lat' dir='ltr'><strong>est</strong></span> <span class='ocrx_word' id='word_1_210' title='bbox 1354 3231 1513 3315; x_wconf 90' lang='lat' dir='ltr'><strong>seriptum</strong></span> 
     </span>
     <span class='ocr_line' id='line_1_24' title="bbox 281 3350 1517 3432; baseline 0.001 -16"><span class='ocrx_word' id='word_1_211' title='bbox 281 3377 283 3382; x_wconf 68' lang='grc'>’</span> <span class='ocrx_word' id='word_1_212' title='bbox 320 3351 540 3431; x_wconf 76' lang='lat' dir='ltr'><strong>Ambracium,</strong></span> <span class='ocrx_word' id='word_1_213' title='bbox 559 3374 644 3432; x_wconf 92' lang='lat' dir='ltr'><strong>non,</strong></span> <span class='ocrx_word' id='word_1_214' title='bbox 666 3355 701 3415; x_wconf 90' lang='lat' dir='ltr'><strong>ut</strong></span> <span class='ocrx_word' id='word_1_215' title='bbox 719 3351 850 3416; x_wconf 80' lang='lat' dir='ltr'><strong>uolebat</strong></span> <span class='ocrx_word' id='word_1_216' title='bbox 869 3351 1039 3430; x_wconf 87' lang='lat' dir='ltr'><strong>Heinsius,</strong></span> <span class='ocrx_word' id='word_1_217' title='bbox 1060 3350 1269 3430; x_wconf 74' lang='lat' dir='ltr'><strong>Ambraciae,</strong></span> <span class='ocrx_word' id='word_1_218' title='bbox 1291 3351 1329 3417; x_wconf 86' lang='lat' dir='ltr'><strong>of.</strong></span> <span class='ocrx_word' id='word_1_219' title='bbox 1349 3352 1416 3417; x_wconf 87' lang='lat' dir='ltr'><strong>Ibis</strong></span> <span class='ocrx_word' id='word_1_220' title='bbox 1430 3351 1517 3417; x_wconf 83' lang='lat'>302:</span> 
     </span>
     <span class='ocr_line' id='line_1_25' title="bbox 535 3473 1289 3560; baseline 0 -20"><span class='ocrx_word' id='word_1_221' title='bbox 535 3475 650 3560; x_wconf 82' lang='lat' dir='ltr'><strong>Sparsa</strong></span> <span class='ocrx_word' id='word_1_222' title='bbox 673 3496 729 3559; x_wconf 89' lang='lat' dir='ltr'><strong>per</strong></span> <span class='ocrx_word' id='word_1_223' title='bbox 751 3473 938 3539; x_wconf 83' lang='lat' dir='ltr'><strong>Ambracias</strong></span> <span class='ocrx_word' id='word_1_224' title='bbox 961 3495 1042 3558; x_wconf 94' lang='lat' dir='ltr'><strong>quae</strong></span> <span class='ocrx_word' id='word_1_225' title='bbox 1064 3474 1188 3539; x_wconf 86' lang='lat' dir='ltr'><strong>ieouere</strong></span> <span class='ocrx_word' id='word_1_226' title='bbox 1211 3473 1289 3540; x_wconf 87' lang='lat' dir='ltr'><strong>uias.</strong></span> 
     </span>
    </p>
   </div>
   <div class='ocr_carea' id='block_1_5' title="bbox 316 3716 1516 4291">
    <p class='ocr_par' dir='ltr' id='par_1_5' title="bbox 316 3716 1516 4291">
     <span class='ocr_line' id='line_1_26' title="bbox 364 3716 1516 3804; baseline 0.003 -21"><span class='ocrx_word' id='word_1_227' title='bbox 364 3717 422 3784; x_wconf 91' lang='lat' dir='ltr'><strong>Vs.</strong></span> <span class='ocrx_word' id='word_1_228' title='bbox 448 3717 511 3783; x_wconf 87' lang='grc'><strong>165</strong></span> <span class='ocrx_word' id='word_1_229' title='bbox 535 3716 685 3782; x_wconf 93' lang='lat' dir='ltr'><strong>inbonis</strong></span> <span class='ocrx_word' id='word_1_230' title='bbox 703 3717 736 3804; x_wconf 83' lang='lat' dir='ltr'><em>f</em></span> <span class='ocrx_word' id='word_1_231' title='bbox 759 3716 805 3780; x_wconf 89' lang='lat' dir='ltr'><strong>H.</strong></span> <span class='ocrx_word' id='word_1_232' title='bbox 829 3717 868 3783; x_wconf 83' lang='lat' dir='ltr'><strong>F.</strong></span> <span class='ocrx_word' id='word_1_233' title='bbox 892 3719 983 3782; x_wconf 88' lang='lat' dir='ltr'><strong>oodd.</strong></span> <span class='ocrx_word' id='word_1_234' title='bbox 1009 3739 1076 3782; x_wconf 89' lang='lat' dir='ltr'><strong>non</strong></span> <span class='ocrx_word' id='word_1_235' title='bbox 1097 3721 1181 3782; x_wconf 90' lang='lat' dir='ltr'><strong>reete</strong></span> <span class='ocrx_word' id='word_1_236' title='bbox 1199 3717 1335 3802; x_wconf 86' lang='lat' dir='ltr'><strong>legitur:</strong></span> <span class='ocrx_word' id='word_1_237' title='bbox 1357 3718 1516 3788; x_wconf 80' lang='lat' dir='ltr'><strong>Puosevs</strong></span> 
     </span>
     <span class='ocr_line' id='line_1_27' title="bbox 317 3840 1515 3924; baseline 0.001 -19"><span class='ocrx_word' id='word_1_238' title='bbox 317 3859 360 3905; x_wconf 78' lang='lat' dir='ltr'><strong>ne</strong></span> <span class='ocrx_word' id='word_1_239' title='bbox 385 3859 526 3904; x_wconf 73' lang='lat' dir='ltr'><strong>excerso</strong></span> <span class='ocrx_word' id='word_1_240' title='bbox 551 3857 677 3910; x_wconf 72' lang='lat' dir='ltr'><strong>evauno</strong></span> <span class='ocrx_word' id='word_1_241' title='bbox 703 3859 803 3902; x_wconf 74' lang='lat' dir='ltr'><strong>mrsu</strong></span> <span class='ocrx_word' id='word_1_242' title='bbox 827 3857 954 3902; x_wconf 65' lang='lat' dir='ltr'><strong>assion*</strong></span> <span class='ocrx_word' id='word_1_243' title='bbox 978 3859 1120 3924; x_wconf 74' lang='lat' dir='ltr'><strong>naevos,</strong></span> <span class='ocrx_word' id='word_1_244' title='bbox 1147 3840 1231 3924; x_wconf 91' lang='lat' dir='ltr'><strong>quod</strong></span> <span class='ocrx_word' id='word_1_245' title='bbox 1253 3840 1289 3904; x_wconf 91' lang='lat' dir='ltr'><strong>in</strong></span> <span class='ocrx_word' id='word_1_246' title='bbox 1310 3841 1422 3906; x_wconf 90' lang='lat' dir='ltr'><strong>oeteris</strong></span> <span class='ocrx_word' id='word_1_247' title='bbox 1442 3861 1515 3906; x_wconf 91' lang='lat' dir='ltr'><strong>om·</strong></span> 
     </span>
     <span class='ocr_line' id='line_1_28' title="bbox 316 3960 1516 4047; baseline 0.003 -22"><span class='ocrx_word' id='word_1_248' title='bbox 316 3960 412 4025; x_wconf 90' lang='lat' dir='ltr'><strong>nibus</strong></span> <span class='ocrx_word' id='word_1_249' title='bbox 447 3963 495 4024; x_wconf 88' lang='lat' dir='ltr'><strong>est</strong></span> <span class='ocrx_word' id='word_1_250' title='bbox 528 3963 687 4025; x_wconf 86' lang='lat' dir='ltr'><strong>mutatum</strong></span> <span class='ocrx_word' id='word_1_251' title='bbox 719 3960 755 4023; x_wconf 91' lang='lat' dir='ltr'><strong>in</strong></span> <span class='ocrx_word' id='word_1_252' title='bbox 786 3972 936 4046; x_wconf 80' lang='lat' dir='ltr'><strong>quantum</strong></span> <span class='ocrx_word' id='word_1_253' title='bbox 963 3973 1071 4047; x_wconf 80' lang='lat' dir='ltr'><strong>patet,</strong></span> <span class='ocrx_word' id='word_1_254' title='bbox 1102 3963 1136 4024; x_wconf 90' lang='lat' dir='ltr'><strong>et</strong></span> <span class='ocrx_word' id='word_1_255' title='bbox 1165 3960 1212 4024; x_wconf 86' lang='lat' dir='ltr'><strong>ita</strong></span> <span class='ocrx_word' id='word_1_256' title='bbox 1237 3982 1307 4025; x_wconf 88' lang='lat' dir='ltr'><strong>oum</strong></span> <span class='ocrx_word' id='word_1_257' title='bbox 1338 3961 1516 4028; x_wconf 87' lang='lat' dir='ltr'><strong>editoribus</strong></span> 
     </span>
     <span class='ocr_line' id='line_1_29' title="bbox 317 4080 1515 4168; baseline 0.003 -24"><span class='ocrx_word' id='word_1_258' title='bbox 317 4080 476 4165; x_wconf 89' lang='lat' dir='ltr'><strong>plerisque</strong></span> <span class='ocrx_word' id='word_1_259' title='bbox 507 4080 707 4165; x_wconf 78' lang='lat' dir='ltr'><strong>scripsimus:</strong></span> <span class='ocrx_word' id='word_1_260' title='bbox 731 4080 848 4144; x_wconf 91' lang='lat' dir='ltr'><strong>reotius</strong></span> <span class='ocrx_word' id='word_1_261' title='bbox 871 4081 956 4144; x_wconf 90' lang='lat' dir='ltr'><strong>enim</strong></span> <span class='ocrx_word' id='word_1_262' title='bbox 978 4081 1011 4144; x_wconf 92' lang='lat' dir='ltr'><strong>id</strong></span> <span class='ocrx_word' id='word_1_263' title='bbox 1036 4081 1098 4145; x_wconf 88' lang='lat' dir='ltr'><strong>diei</strong></span> <span class='ocrx_word' id='word_1_264' title='bbox 1121 4082 1314 4147; x_wconf 84' lang='lat' dir='ltr'><strong>arbitremur</strong></span> <span class='ocrx_word' id='word_1_265' title='bbox 1337 4083 1515 4168; x_wconf 91' lang='lat' dir='ltr'><strong>meliusque</strong></span> 
     </span>
     <span class='ocr_line' id='line_1_30' title="bbox 316 4200 1409 4291; baseline 0.004 -25"><span class='ocrx_word' id='word_1_266' title='bbox 316 4223 413 4286; x_wconf 84' lang='lat' dir='ltr'><strong>quum</strong></span> <span class='ocrx_word' id='word_1_267' title='bbox 437 4204 522 4286; x_wconf 92' lang='lat' dir='ltr'><strong>quod</strong></span> <span class='ocrx_word' id='word_1_268' title='bbox 546 4202 715 4266; x_wconf 83' lang='lat' dir='ltr'><strong>coniecerit</strong></span> <span class='ocrx_word' id='word_1_269' title='bbox 737 4200 917 4280; x_wconf 89' lang='lat' dir='ltr'><strong>Baehrens,</strong></span> <span class='ocrx_word' id='word_1_270' title='bbox 942 4202 964 4268; x_wconf 93' lang='lat' dir='ltr'><strong>l.</strong></span> <span class='ocrx_word' id='word_1_271' title='bbox 978 4201 999 4268; x_wconf 91' lang='lat' dir='ltr'><strong>l.</strong></span> <span class='ocrx_word' id='word_1_272' title='bbox 1024 4224 1056 4286; x_wconf 92' lang='lat' dir='ltr'><strong>p.</strong></span> <span class='ocrx_word' id='word_1_273' title='bbox 1082 4204 1145 4269; x_wconf 81' lang='lat'><strong>61:</strong></span> <span class='ocrx_word' id='word_1_274' title='bbox 1172 4227 1291 4290; x_wconf 84' lang='lat' dir='ltr'><strong>quoquo</strong></span> <span class='ocrx_word' id='word_1_275' title='bbox 1311 4216 1409 4291; x_wconf 82' lang='lat' dir='ltr'><strong>potet.</strong></span> 
     </span>
    </p>
   </div>
   <div class='ocr_carea' id='block_1_6' title="bbox 311 4442 1513 4649">
    <p class='ocr_par' dir='ltr' id='par_1_6' title="bbox 311 4442 1513 4649">
     <span class='ocr_line' id='line_1_31' title="bbox 359 4442 1513 4531; baseline 0.001 -22"><span class='ocrx_word' id='word_1_276' title='bbox 359 4444 412 4509; x_wconf 91' lang='lat' dir='ltr'><strong>Vs.</strong></span> <span class='ocrx_word' id='word_1_277' title='bbox 438 4445 511 4511; x_wconf 93' lang='grc'><strong>166.</strong></span> <span class='ocrx_word' id='word_1_278' title='bbox 537 4442 712 4521; x_wconf 79' lang='lat' dir='ltr'><strong>Aorssvu,</strong></span> <span class='ocrx_word' id='word_1_279' title='bbox 736 4447 772 4507; x_wconf 92' lang='lat' dir='ltr'><strong>ut</strong></span> <span class='ocrx_word' id='word_1_280' title='bbox 791 4442 942 4508; x_wconf 86' lang='lat' dir='ltr'><strong>exhibent</strong></span> <span class='ocrx_word' id='word_1_281' title='bbox 961 4445 1053 4509; x_wconf 90' lang='lat' dir='ltr'><strong>oodd.</strong></span> <span class='ocrx_word' id='word_1_282' title='bbox 1073 4444 1216 4531; x_wconf 90' lang='lat' dir='ltr'><strong>plerique</strong></span> <span class='ocrx_word' id='word_1_283' title='bbox 1229 4492 1237 4523; x_wconf 91' lang='lat'><strong>,</strong></span> <span class='ocrx_word' id='word_1_284' title='bbox 1250 4445 1393 4510; x_wconf 91' lang='lat' dir='ltr'><strong>defendit</strong></span> <span class='ocrx_word' id='word_1_285' title='bbox 1406 4445 1513 4512; x_wconf 91' lang='lat' dir='ltr'><strong>Hein-</strong></span> 
     </span>
     <span class='ocr_line' id='line_1_32' title="bbox 311 4565 1510 4649; baseline 0.003 -19"><span class='ocrx_word' id='word_1_286' title='bbox 311 4565 377 4631; x_wconf 87' lang='lat' dir='ltr'><strong>sius</strong></span> <span class='ocrx_word' id='word_1_287' title='bbox 409 4568 538 4630; x_wconf 83' lang='lat' dir='ltr'><strong>auotore</strong></span> <span class='ocrx_word' id='word_1_288' title='bbox 562 4565 724 4649; x_wconf 83' lang='lat' dir='ltr'><strong>Stephano</strong></span> <span class='ocrx_word' id='word_1_289' title='bbox 749 4565 904 4649; x_wconf 85' lang='lat' dir='ltr'><strong>Byzant,</strong></span> <span class='ocrx_word' id='word_1_290' title='bbox 930 4566 1065 4632; x_wconf 84' lang='lat' dir='ltr'><strong>oitante:</strong></span> <span class='ocrx_word' id='word_1_291' title='bbox 1091 4567 1254 4632; x_wconf 65' lang='grc' dir='ltr'><em>Ἀπόλλων</em></span> <span class='ocrx_word' id='word_1_292' title='bbox 1281 4566 1429 4642; x_wconf 66' lang='lat' dir='ltr'><strong>&#39;Aerulos</strong></span> <span class='ocrx_word' id='word_1_293' title='bbox 1454 4569 1510 4634; x_wconf 75' lang='lat' dir='ltr'><strong>uel</strong></span> 
     </span>
    </p>
   </div>
   <div class='ocr_carea' id='block_1_7' title="bbox 0 0 1694 5346">
    <p class='ocr_par' dir='ltr' id='par_1_7' title="bbox 0 0 1694 5346">
     <span class='ocr_line' id='line_1_33' title="bbox 0 0 1694 5346; baseline 0 3"><span class='ocrx_word' id='word_1_294' title='bbox 0 0 1694 5346; x_wconf 95' lang='lat' dir='ltr'><strong> </strong></span> 
     </span>
    </p>
   </div>
  </div>
 </body>
</html>
