3380 5346
882 378 945 444 136

305 588 379 652 pag.
407 524 461 651 l9)
485 567 534 628 ost
556 583 741 647 responsum
768 582 834 625 non
858 560 953 625 licere
977 581 1083 643 neque
1101 560 1207 644 ipsum
1226 545 1379 625 Ouidium
1399 584 1502 663 neque

305 709 496 773 quemquam
510 686 607 749 alium
620 687 745 768 poetam
760 683 812 746 uel
824 686 980 746 oratorem
993 681 1156 767 Latinum,
1169 683 1291 746 bonum
1303 683 1355 747 uel
1368 684 1497 763 malum,

305 815 371 874 tam
395 809 559 873 inauditae
579 805 800 890 neglegentiae
822 826 987 881 accusare,
1007 808 1044 868 ut
1063 803 1267 888 Sapphonem
1281 806 1499 870 nominantem

305 931 416 996 fecerit
446 949 573 1008 magam
601 930 790 1012 quamdam,
822 948 902 1010 quae
927 925 1070 1010 Pompeii
1094 928 1221 990 demum
1246 930 1349 991 aetate
1373 928 1499 992 uixerit.

351 1052 463 1136 Neque
494 1051 625 1115 omnino
652 1048 807 1113 Erichtho
839 1048 895 1112 illa
925 1047 1126 1131 Lucaniana,
1154 1071 1235 1133 quae
1258 1052 1327 1114 erat
1350 1070 1445 1134 maga
1469 1053 1502 1115 et

307 1195 439 1238 »manes
463 1172 547 1236 exire
570 1169 744 1256 sepulcris’
769 1175 895 1255 poterat
915 1190 1044 1254 cogere,
1064 1173 1173 1235 eadem
1193 1174 1299 1256 potest
1319 1194 1385 1237 esse
1404 1175 1500 1257 atque

307 1318 359 1374 ea,
393 1298 431 1359 de
461 1316 524 1378 qua
554 1293 606 1357 hic
638 1292 761 1376 agitur,
794 1292 911 1377 quippe
941 1313 1022 1376 quae
1049 1290 1217 1356 Furiarum
1243 1314 1329 1358 more
1354 1292 1500 1359 homines

308 1417 455 1501 exagitet.
481 1415 574 1480 Vnde
598 1417 630 1478 et
654 1414 717 1478 duo
741 1413 874 1478 minoris
898 1415 992 1497 pretii
1016 1414 1138 1478 codices
1158 1414 1311 1479 exhibent
1330 1418 1449 1503 Erinys
1463 1415 1501 1504 ¹),

307 1561 403 1624 quam
427 1540 535 1602 tamen
560 1537 727 1602 lectionem
751 1559 768 1600 e
793 1539 898 1620 glossa
923 1557 989 1601 esse
1012 1541 1115 1601 ortam
1139 1537 1309 1602 uerisimile
1333 1541 1392 1602 cst.

353 1660 399 1725 At
422 1681 534 1744 rogare
559 1659 671 1740 uelim,
697 1681 774 1723 num
799 1657 879 1722 illud
904 1661 952 1723 est
974 1659 1165 1723 credendum
1185 1659 1350 1723 Lucanum
1363 1661 1503 1744 primum

308 1783 459 1848 Erichtho
483 1777 600 1846 nomen
625 1803 811 1865 usurpasse,
838 1780 890 1844 uel
913 1801 1041 1864 magam
1065 1780 1154 1844 illam
1174 1780 1388 1846 Thessalicam
1408 1783 1504 1848 fuisse

308 1906 462 1990 primam,
494 1925 575 1988 quae
607 1924 644 1966 eo
675 1901 805 1966 nomine
837 1901 1073 1985 appellaretur?
1114 1901 1232 1967 Nonne
1262 1903 1332 1987 ipsa
1365 1906 1504 1970 nominis

308 2029 412 2093 forma
454 2049 490 2092 eo
533 2025 677 2090 ducimur
720 2026 757 2088 ut
798 2023 953 2089 Erichtho
996 2025 1072 2088 olim
1114 2046 1186 2088 eum
1229 2025 1384 2110 Erinysin
1427 2049 1504 2091 con·

308 2151 452 2214 iunctam
486 2148 582 2213 fuisse
617 2149 802 2210 sumamus?
850 2143 929 2210 Oum
965 2146 1150 2230 praesertim
1186 2149 1312 2211 constet
1335 2170 1504 2212 numerum

310 2273 476 2338 Furiarum
512 2274 552 2335 ad
586 2275 650 2335 tres
684 2291 750 2334 esse
785 2270 950 2333 reductum
986 2271 1090 2333 aetate
1125 2271 1252 2334 demum
1285 2270 1448 2356 Euripidis
1463 2272 1503 2351 ²),

310 2395 490 2476 multasque
529 2393 604 2456 olim
636 2390 733 2478 fuisse
764 2388 915 2476 Erinyes,
949 2412 1083 2474 quarum
1116 2392 1268 2456 memoria
1307 2394 1391 2478 apud
1427 2395 1504 2459 scri-

310 2519 417 2601 ptores
441 2514 533 2578 nobis
558 2513 741 2597 superstites
765 2533 831 2576 non
855 2514 966 2578 exstet.
993 2512 1184 2596 Antiquitas
1208 2535 1283 2578 uero
1307 2515 1371 2578 iam
1392 2517 1504 2600 cogni·

311 2643 380 2703 tum
413 2637 509 2700 fuisse
540 2636 690 2700 Erichtho
714 2656 849 2719 nomen,
876 2636 968 2698 docet
991 2655 1049 2698 nos
1073 2637 1183 2718 patera
1206 2636 1397 2720 perantiqua
1421 2636 1504 2701 Her·

311 2759 490 2844 hipolitana
511 2759 554 2842 ³),
590 2757 625 2820 in
661 2778 725 2840 qua
759 2756 896 2820 feminae
932 2756 1057 2820 cuidam
1088 2758 1136 2820 est
1167 2757 1362 2841 adscriptum
1386 2781 1505 2824 nomen

312 2889 484 2946 ΕΡΙΧΘΩ.
516 2876 716 2962 Quamquam
747 2898 822 2941 uero
855 2898 921 2941 non
953 2879 1030 2942 satis
1062 2881 1188 2942 constat
1220 2901 1300 2963 quae
1329 2879 1426 2945 fuerit
1452 2880 1507 2944 illa

311 3004 447 3080 femina,
479 3023 545 3066 non
577 3001 644 3064 sine
675 3000 819 3064 ueritatis
851 3003 989 3084 quadam
1014 3001 1116 3085 specie
1140 3005 1247 3085 potest
1271 3001 1373 3066 conici
1387 3003 1413 3088 ⁴)
1438 3023 1507 3066 eam

311 3124 408 3189 fuisse
433 3123 608 3208 nympham
633 3122 806 3204 marinam,
833 3123 884 3186 oui
907 3122 1030 3185 furialis
1054 3121 1110 3185 illa
1131 3125 1244 3187 natura
1265 3126 1376 3207 postca
1396 3124 1438 3188 sit
1459 3126 1508 3187 at·

311 3247 441 3312 tributa.
465 3245 514 3309 Eo
536 3249 643 3309 autem
662 3244 794 3308 nomine
814 3264 941 3327 magam
962 3244 1051 3308 illam
1071 3244 1299 3328 Pompeianam
1320 3267 1386 3310 esse
1407 3245 1508 3330 signi-

311 3369 438 3432 ficatam
462 3367 642 3430 mirandum
667 3385 733 3428 non
757 3369 812 3429 est.
839 3364 979 3428 Feminis
1003 3365 1106 3442 enim,
1128 3387 1208 3449 quae
1228 3366 1386 3450 magicam
1407 3370 1507 3431 artem

311 3491 554 3575 protharentur,
580 3508 699 3551 nomen
722 3486 783 3550 arti
808 3486 1000 3550 conueniens
1022 3486 1147 3570 saepius
1172 3508 1237 3550 esse
1260 3486 1400 3552 inditum
1419 3491 1509 3572 patet

312 3612 424 3676 uelox
449 3610 533 3677 Plut.
559 3610 597 3674 de
621 3630 702 3672 orac.
730 3607 792 3673 def.
819 3607 895 3672 401.
923 3630 952 3674 a.
967 3610 1005 3694 ⁵).

346 3777 373 3841 1)
391 3776 508 3826 Similiter
525 3776 606 3824 tristis
622 3775 709 3838 Erinys
726 3775 751 3823 in
770 3775 862 3840 nuptiis
879 3775 971 3824 Iasonis
988 3779 1012 3824 et
1031 3775 1176 3840 Hypsipyles
1194 3775 1254 3824 facea
1271 3775 1388 3825 infaustas
1404 3777 1508 3842 praefert

312 3859 383 3908 Ouid.
402 3859 463 3907 Her.
483 3859 526 3906 VI.
544 3860 592 3914 45,
609 3861 633 3906 et
651 3859 741 3906 Canace
758 3859 858 3922 Erinyes
874 3863 944 3907 atras
961 3862 1029 3922 rogat
1048 3862 1075 3907 ut
1092 3859 1224 3922 Hymenaei
1244 3859 1294 3907 loco
1315 3859 1375 3908 laces
1392 3859 1418 3908 in
1433 3860 1509 3925 ipsam

312 3942 402 3999 ferant,
426 3956 528 4004 quarum
550 3941 604 4004 igne
621 3939 699 3988 luceat
715 3955 799 4002 rogus,
820 3940 879 3989 Her.
903 3941 951 3989 XI.
971 3941 1026 3989 103.
1046 3941 1082 3989 Cf.
1102 3941 1162 3988 Met.
1182 3941 1509 4004 vt.429sqq.,1.0ersat

312 4024 372 4072 Her.
389 4023 424 4072 II.
443 4021 498 4072 117.
518 4021 556 4070 Sic
573 4021 647 4070 etiam
666 4020 755 4078 Culex,
774 4021 837 4078 2465
856 4022 957 4071 Octauia
974 4022 1020 4071 fab.
1039 4023 1070 4070 23
1089 4038 1123 4086 sq.

345 4105 371 4170 2)
392 4105 428 4154 Cf.
446 4106 476 4152 Δ.
495 4102 642 4167 Rosenberg,
661 4103 700 4152 dic
718 4099 828 4166 Erinyes
846 4102 938 4167 (Berol.
958 4103 1043 4168 1874),
1062 4120 1115 4168 pag.
1134 4105 1177 4156 18.

346 4189 370 4248 3)
388 4185 535 4236 Monumenti
552 4187 592 4235 dcl
607 4185 676 4234 Istit.
696 4183 730 4234 X.
750 4183 810 4234 Tab.
831 4185 903 4234 VIII.
922 4185 1020 4244 Flasch,
1040 4185 1146 4246 Annali,
1166 4185 1244 4246 1874,
1262 4204 1285 4253 p.
1305 4189 1361 4238 180.
1380 4187 1508 4240 Archaeol.

302 4273 381 4334 'Ztnp
403 4270 473 4318 1880.
492 4285 518 4333 p.
535 4269 591 4317 139.

345 4355 373 4418 4)
391 4353 427 4402 Cf.
451 4353 481 4402 de
500 4351 584 4406 Duhn,
607 4350 748 4414 Festsohnfl
766 4351 809 4399 der
828 4348 997 4414 Heidelberper
1018 4351 1167 4402 Univerritht
1182 4369 1226 4402 aur
1243 4353 1394 4419 Beyrhssuuy
1411 4356 1455 4405 der
1466 4356 1508 4406 36.

311 4434 645 4498 Philouyen-Versammlunq
663 4431 844 4481 sacrararum
863 4432 955 4493 (1882).
978 4450 1000 4498 p.
1020 4433 1160 4486 117-122.

346 4518 372 4582 5)
390 4517 512 4566 Lucanum
529 4515 620 4565 imitari
639 4515 735 4564 uidetur
757 4515 911 4569 Dracontius.
930 4515 1009 4565 Germ.
1028 4516 1093 4567 Prof.
1115 4517 1142 4569 V.
1164 4517 1506 4579 130(Baehrena,l’0et.1at.

312 4599 374 4648 Min.
392 4599 422 4648 V.
440 4615 465 4663 p.
481 4599 546 4660 143).
