3380 5346
729 361 771 423 95

153 500 311 626 perlucidi
331 564 426 626 quam
450 542 565 608 fontes.
591 542 744 606 Restituit
766 542 866 626 igitur
887 543 991 608 locum
1009 543 1162 607 Heinsius
1182 544 1348 608 scribendo

153 651 294 750 citroque
309 661 334 749 1)
367 667 466 750 inopia
494 665 673 752 perlucidos
703 653 804 741 omui,
830 663 1022 748 comparatis
1046 663 1122 729 Met.
1146 664 1236 730 XIII.
1264 665 1347 730 791:

153 786 345 872 splendidior
368 789 469 864 uitro,
494 785 573 851 Hor.
600 783 636 850 C.
662 783 722 848 III.
751 786 803 849 13.
831 785 867 848 l:
1019 869 1020 874 η

406 906 530 972 Ofons
555 907 749 980 Bandusiae,
779 907 975 991 splendidior
1002 908 1097 973 uitro.

153 1029 196 1096 ib.
220 1027 245 1094 I.
271 1029 322 1096 18.
349 1030 406 1094 16:
434 1028 616 1114 Aroanique
642 1028 717 1093 fides
742 1028 894 1112 prodiga,
919 1029 1113 1116 perlucidior
1140 1030 1235 1096 uitro.

200 1151 308 1216 Talem
341 1172 416 1216 uero
448 1151 704 1216 emendationem
737 1172 809 1214 cum
834 1149 961 1214 nouerit
985 1149 1105 1215 Theod.
1130 1149 1219 1229 Birt,
1250 1152 1348 1218 miror

154 1273 238 1358 quod
269 1273 338 1358 ipse
369 1273 537 1358 proposuit
567 1273 602 1360 (l.
632 1272 654 1336 l.
687 1295 717 1357 p.
754 1272 851 1357 430):
886 1274 1027 1359 nitroque
1050 1276 1150 1359 osopio
1171 1275 1350 1360 perlucidae

46 1440 50 1446 -
153 1399 273 1473 antris,
307 1395 492 1479 addiditque
525 1395 608 1459 »hoc
637 1394 773 1472 latebat,
802 1394 884 1457 male
908 1393 993 1458 enim
1018 1393 1081 1458 loci
1104 1395 1224 1459 mentio
1250 1396 1347 1460 omit·
1433 1395 1435 1400 ’

153 1516 315 1582 tebatur”.

198 1638 346 1706 (ictorum
370 1643 457 1705 totus
480 1639 534 1705 hic
558 1640 647 1706 locus
669 1662 717 1703 us.
746 1639 922 1703 157-161
948 1642 1033 1704 recte
1050 1642 1158 1724 potest
1169 1639 1348 1725 comparari

154 1785 225 1828 cum
250 1763 327 1828 Met.
353 1763 414 1828 III.
442 1762 638 1827 157-164:

382 1931 547 1950 ........
572 1886 621 1949 est
645 1886 775 1948 antrum
799 1883 961 1947 nemorale
984 1905 1126 1978 recessu,

384 2009 461 2072 Arte
482 2006 663 2070 laboratum
688 2004 794 2069 nulla:
820 2004 1026 2069 simulauerat
1049 2009 1150 2070 artem
1198 2075 1201 2080 ,

383 2128 517 2213 Ingenio
541 2133 657 2194 natura
680 2124 755 2213 su03
779 2149 856 2192 nam
879 2127 1005 2212 pumice
1028 2127 1102 2192 uiuo

382 2250 426 2315 Et
448 2250 573 2315 leuibus
598 2249 671 2314 tofis
695 2249 842 2313 natiuum
867 2249 1001 2313 duxerat
1025 2270 1144 2313 arcum.

382 2373 468 2439 Fons
492 2375 587 2438 sonat
610 2395 628 2437 a
651 2373 762 2437 dextra
786 2372 876 2435 tenui
899 2371 1079 2455 perlucidus
1101 2373 1204 2451 unda,

382 2495 529 2580 Margine
553 2494 717 2580 gramineo
741 2493 868 2579 patulos
890 2492 1049 2558 incinctus
1072 2492 1190 2561 hiatus.

384 2616 446 2682 Hic
469 2618 527 2681 dea
551 2616 704 2681 siluarum
730 2618 849 2680 uenatu
872 2614 955 2680 fessa
981 2615 1105 2680 solebat

384 2739 553 2824 Virgineos
577 2741 665 2803 artus
688 2737 810 2822 liquido
834 2735 1025 2822 perfundere
1049 2757 1128 2801 rore.

201 2860 393 2939 Quibuscum
417 2862 624 2927 conferantur
647 2859 721 2926 Am.
745 2858 806 2926 ΠΙ.
834 2859 863 2924 1.
890 2858 995 2924 1-5:

292 2985 365 3052 Stet
387 2988 479 3051 uetus
504 2986 537 3051 et
558 2984 677 3049 multos
700 2983 855 3048 incaedua
879 2982 960 3047 silua
983 3003 1039 3066 per
1063 3001 1182 3049 annos:

339 3105 498 3173 Credibile
522 3108 571 3172 est
593 3106 642 3170 illi
666 3127 787 3170 numen
810 3104 913 3169 inesse
936 3104 1016 3170 looo.

292 3227 380 3294 Fons
403 3250 490 3293 socer
512 3228 547 3292 in
570 3226 674 3292 medio
700 3227 913 3311 speluncaque
936 3224 1062 3310 pumice
1085 3226 1242 3310 pendens,

338 3349 382 3415 Et
403 3351 502 3415 latere
525 3371 563 3414 ex
586 3348 676 3413 omni
700 3349 791 3413 dulce
814 3351 992 3432 queruntur
1016 3368 1100 3412 aues.

293 3473 357 3538 Hie
380 3493 439 3557 ego
463 3473 539 3536 dum
564 3471 685 3557 spatior
708 3473 810 3536 tectus
833 3470 1049 3536 nemoralibus
1072 3469 1193 3534 umbris
1217 3506 1258 3519 -

203 3594 260 3661 Vs.
295 3593 368 3659 158.
402 3593 490 3659 Fons
522 3613 643 3678 sacam
677 3613 762 3659 nvnc
794 3614 894 3658 uvnrr
927 3612 1038 3658 avuan
1064 3611 1194 3656 ananau
1218 3612 1352 3658 rvnnnr.

158 3715 311 3784 Similiter
334 3737 464 3801 prorsus
489 3715 604 3781 dicitur
629 3714 702 3780 Am.
728 3713 786 3779 ΙΙΙ.
816 3715 845 3780 1.
873 3716 891 3778 2
917 3737 962 3799 sq.
989 3715 1099 3801 (supra
1123 3713 1351 3801 adscr.),Fost.

160 3840 198 3908 V.
225 3841 290 3906 673
314 3862 376 3925 sq.:
401 3839 461 3904 Est
484 3861 566 3924 equa
589 3837 739 3903 Mercurii
761 3841 871 3923 portae
894 3836 1001 3901 uicina
1024 3836 1189 3923 Capenae:

453 3960 488 4027 Si
510 3962 601 4026 iuuat
624 3958 763 4045 expertis
787 3959 928 4036 credere,
953 3980 1072 4024 numen
1096 3958 1203 4024 habet.

160 4085 425 4152 Am.111.13.8:
453 4082 585 4169 Aspice,
608 4082 761 4148 concedes
784 4101 904 4145 numen
927 4081 1030 4145 inesse
1050 4080 1133 4168 loco.

204 4335 260 4400 Vs.
287 4333 361 4398 159.
390 4331 484 4407 Qvnu
510 4349 612 4395 sunan
637 4348 744 4393 anuos
769 4345 931 4391 uxranmr
955 4330 1033 4403 cet.;
1056 4326 1098 4394 cf.
1122 4326 1217 4411 Prop.
1240 4325 1266 4390 Ι.
1296 4327 1350 4393 20.

159 4459 201 4523 34
226 4478 314 4542 sqq.:

193 4603 217 4664 l)
235 4602 344 4666 citroque
359 4598 408 4649 iam
425 4595 520 4663 scripsit
538 4595 687 4660 Naugerius,
705 4598 729 4645 et
747 4596 780 4646 sio
798 4598 834 4645 est
849 4595 876 4644 in
893 4611 924 4657 χ.
941 4611 964 4644 u.
984 4610 1004 4645 o.
1023 4597 1069 4656 (o‚.
1088 4593 1131 4658 la).
