3380 5346
742 407 804 470 145

305 589 402 654 Nunc
424 589 484 654 tibi
508 588 657 655 Sicelides
680 589 816 654 ueniunt
839 610 924 653 noua
947 590 1064 673 praeda
1089 589 1232 673 puellae:

353 711 436 788 Quid
464 711 542 776 mihi
565 733 637 776 oum
660 710 789 776 Lesbo?
813 709 923 776 Sicelis
946 733 1012 776 esse
1037 712 1129 776 uolo!

169 833 221 898 uel
245 855 355 898 uersus
382 835 421 898 77
447 855 513 918 sq.:

328 953 387 1020 cui
411 955 496 1020 colar
519 954 646 1032 infelix,
673 958 730 1018 aut
753 955 802 1019 cui
827 954 981 1038 placuisse
1008 954 1173 1019 laborem?

372 1076 432 1140 Ille
455 1076 517 1140 mei
540 1078 644 1141 cultus
668 1077 782 1141 unicus
806 1080 917 1140 auctor
941 1076 1039 1140 abest.

212 1198 274 1264 Vel
296 1221 405 1263 uersus
439 1199 588 1282 11-12,
611 1199 645 1261 in
670 1198 786 1282 quibus
810 1219 942 1262 acumen
969 1219 1042 1261 uere
1066 1195 1260 1262 Ouidianum
1284 1219 1361 1262 con-

166 1321 310 1405 spicuum
336 1341 402 1384 esse
424 1319 487 1382 iam
513 1319 589 1383 olim
614 1319 739 1384 monuit
762 1319 878 1385 Loers:

301 1439 391 1506 Arua
414 1440 527 1506 Phaon
550 1441 689 1506 celebrat
713 1441 838 1506 diuersa
860 1440 1044 1526 Typhoidos
1067 1440 1210 1506 Aetnae:

347 1564 400 1628 Me
422 1565 509 1629 calor
535 1561 676 1628 Aetnaeo
700 1585 767 1628 non
791 1563 897 1627 minor
916 1563 992 1648 igne
1018 1565 1118 1627 tenet.

210 1683 512 1749 Animaduertamus
544 1705 639 1767 porro
662 1687 860 1769 quantopere
873 1685 1048 1748 conueniat
1060 1707 1131 1749 oum
1145 1685 1245 1770 ipsius
1258 1684 1363 1751 Ouidii

166 1811 234 1872 arte
264 1806 435 1892 appellatio
459 1805 516 1870 illa
540 1810 580 1870 ad
600 1805 765 1870 Phaonem
793 1843 831 1854 -—
857 1806 884 1870 si
907 1829 1005 1870 unam
1029 1806 1118 1871 illam
1142 1807 1360 1872 difficultatem

165 1951 211 1994 us.
245 1929 306 2005 96,
340 1949 421 2013 quae
452 1927 519 1991 leni
550 1928 721 1991 admodum
754 1927 932 1993 mutatione
966 1930 1073 2011 potest
1104 1928 1240 2012 corrigi,
1268 1929 1363 1993 nimis

165 2071 306 2136 premere
330 2048 487 2114 nolueris:

301 2172 328 2236 Ο
352 2194 411 2238 nec
434 2171 538 2236 adhuc
560 2172 700 2249 iuuenis,
726 2193 785 2237 nec
807 2171 872 2236 iam
894 2195 991 2257 puer,
1017 2172 1105 2239 utilis
1128 2177 1232 2252 aetas,

345 2294 372 2360 Ο
396 2295 491 2360 decus
515 2297 611 2379 atque
635 2295 705 2359 aeui
729 2294 833 2378 gloria
857 2315 977 2380 magna
1000 2295 1070 2373 tui,

299 2415 372 2481 Huc
395 2417 470 2482 ades
491 2417 590 2500 inque
614 2416 721 2493 sinus,
745 2415 898 2493 formose,
926 2417 1068 2482 relabere
1092 2421 1240 2483 nostros:

345 2536 420 2602 Non
444 2539 481 2601 ut
504 2559 590 2601 ames
613 2558 668 2601 oro
695 2538 821 2622 [uerum
844 2539 882 2601 ut
905 2540 1022 2624 amare]
1050 2539 1145 2603 sinas.
1172 2577 1212 2588 -

300 2657 472 2725 Scribimus
497 2662 530 2723 et
553 2658 691 2723 lacrimis
714 2659 798 2724 oculi
821 2663 970 2724 rorantur
992 2649 1131 2725 obortis:

348 2780 481 2866 Aspice,
505 2802 602 2864 quam
625 2779 724 2878 sitin
748 2780 809 2846 hoc
833 2781 935 2844 multa
958 2781 1055 2846 litura
1078 2781 1166 2847 loco!

210 2901 321 2988 Neque
352 2902 508 2994 imitatori
543 2903 670 2967 cuidam
694 2902 895 2968 attribuerim
922 2926 948 2968 c.
973 2925 1005 2986 g.
1026 2903 1088 2969 loci
1113 2905 1358 2991 descriptionem

165 3025 387 3111 pulcerrimam
416 3048 462 3089 us.
497 3024 560 3088 157
597 3045 684 3108 sqq.,
720 3025 771 3088 uel
805 3023 894 3088 illam
929 3025 996 3109 spei
1032 3029 1066 3090 et
1089 3029 1193 3091 metus
1216 3048 1359 3112 pugnam

163 3147 198 3210 in
229 3149 358 3230 pectore
387 3143 534 3228 Sapphus
566 3167 628 3210 uss.
661 3143 857 3222 175-195,
889 3148 1073 3230 praesertim
1106 3171 1155 3213 us.
1190 3149 1273 3228 177,
1304 3150 1360 3215 ubi

164 3267 303 3351 poetria,
336 3288 416 3350 quae
447 3267 521 3329 aute
553 3266 591 3329 de
620 3266 710 3330 breui
738 3288 795 3331 sua
817 3269 940 3332 statura
965 3268 1072 3333 locuta
1096 3270 1160 3351 cst,
1186 3269 1305 3334 ironice
1328 3275 1361 3336 et

163 3387 330 3472 ingeniose
378 3386 552 3451 exclamat:
600 3385 710 3451 »Aura
749 3388 870 3452 subito!
914 3388 957 3452 Et
1000 3412 1069 3453 mea
1105 3412 1171 3455 non
1205 3413 1358 3476 magnum

163 3529 296 3594 corpora
331 3508 458 3593 pondus
491 3506 652 3571 habent’'!
691 3508 823 3586 Ibidem,
865 3513 901 3573 ut
940 3509 1005 3573 iam
1047 3513 1086 3574 de
1118 3511 1188 3576 aliis
1218 3515 1358 3591 taceam,

164 3653 273 3696 uersus
304 3630 447 3696 omnium
479 3628 732 3713 elegantissimos
763 3633 796 3694 et
825 3629 965 3695 Nasonis
995 3631 1125 3715 ingenio
1157 3633 1360 3716 dignissimos

164 3751 243 3835 (215
270 3760 347 3838 sq.):

344 3875 417 3959 Ipse
440 3874 632 3960 gubernabit
654 3874 795 3940 residens
823 3874 857 3939 in
882 3897 988 3960 puppe
1010 3873 1153 3961 Cupido,

389 3995 461 4079 Ipse
484 3995 574 4061 dabit
595 3999 705 4062 tenera
729 3995 801 4060 uela
824 3995 971 4080 legetque
995 4018 1107 4062 manu.

207 4114 297 4191 Quod
333 4113 491 4179 distichon
531 4121 598 4180 tam
640 4117 783 4181 uiuidam
819 4120 949 4202 tamque
982 4117 1139 4183 concinne
1173 4133 1354 4204 expressam

158 4237 205 4302 rei
235 4237 407 4322 imaginem
437 4236 547 4301 lectori
578 4237 619 4302 ob
647 4239 755 4304 oculos
778 4238 888 4324 ponit,
914 4240 952 4303 ut
975 4239 1203 4323 peritissimum
1226 4243 1353 4325 poetam

156 4360 266 4425 statim
297 4379 460 4444 agnoscas.
484 4357 617 4423 Minime
640 4360 784 4445 profecto
807 4360 842 4424 hi
866 4363 898 4425 et
921 4360 975 4424 alii
998 4360 1217 4427 huiuscemodi
1242 4383 1353 4426 uersus

156 4480 263 4546 locum
292 4480 448 4566 praebent
477 4479 536 4544 tali
565 4480 698 4559 iudicio,
724 4503 789 4546 esse
812 4483 847 4546 in
871 4503 907 4546 ea
931 4482 1068 4567 epistula
1092 4482 1202 4547 omnia
1223 4482 1270 4546 ita
1294 4484 1352 4547 aut

157 4605 305 4669 contorta
333 4606 390 4667 aut
412 4601 548 4680 rustica,
572 4605 609 4666 ut
630 4601 790 4668 infelicem
815 4602 955 4670 Nasonis
978 4603 1176 4668 imitatorem
1200 4606 1349 4688 prodant.

1222 4725 1254 4774 10
