3380 5346
880 398 921 462 76

349 575 406 641 Vs.
440 577 494 644 96.
518 576 599 642 Vitii
625 576 752 661 signum
777 581 851 643 ante
875 577 1045 643 lectionem
1068 600 1182 644 vaauu
1204 601 1244 646 vr
1268 600 1378 644 suasa
1404 601 1498 646 smus

302 698 486 785 posuimus,
519 720 592 763 cum
615 699 751 784 probare
774 722 844 765 eam
868 701 999 765 minime
1022 702 1188 787 possimus.
1212 701 1342 767 Etenim
1364 704 1398 768 iu
1423 725 1497 770 sen·

301 822 413 887 tentiis
444 821 508 886 illis
532 821 617 887 inter
641 844 673 886 88
698 822 851 907 oppositis
874 827 948 908 post
970 847 1031 889 ooo
1061 837 1095 889 nt
1118 847 1200 889 amer
1224 849 1279 890 oro
1301 824 1416 910 frigide
1440 829 1497 890 ad-

303 942 433 1008 modum
463 945 496 1007 et
525 942 677 1027 languide
700 943 843 1028 sequitur
866 967 974 1008 ceram
998 957 1033 1009 ut
1054 969 1160 1010 amare
1183 948 1284 1025 sinac,
1308 949 1394 1031 quod
1417 949 1497 1032 quin

301 1065 525 1150 ludimagistro
557 1065 682 1128 cuidam
713 1065 754 1129 sit
779 1065 1021 1130 adscribendum
1044 1067 1151 1152 potius
1174 1089 1271 1152 quarn
1294 1072 1406 1152 poetae
1429 1090 1497 1134 non

302 1188 446 1252 dubium.
478 1185 591 1272 Neque
623 1187 664 1251 ob
697 1187 842 1251 metricas
873 1186 1011 1252 rationes
1035 1191 1142 1272 potest
1165 1188 1293 1253 defendi
1317 1211 1381 1273 us.;
1407 1189 1496 1254 elisio

302 1308 389 1373 enim
427 1308 484 1373 illa
524 1308 663 1392 syllabae
700 1309 803 1390 inm
846 1309 990 1375 exeuntis
1027 1309 1061 1373 in
1100 1311 1275 1395 posteriore
1305 1312 1497 1395 pentametri

303 1433 412 1516 parte,
448 1431 580 1496 omnino
615 1453 634 1495 a
669 1431 772 1515 poetIs
806 1430 930 1496 Latinis
964 1431 1122 1517 plerisque
1153 1433 1275 1511 uitata,
1308 1434 1349 1498 ab
1381 1433 1496 1499 Ouidio

303 1573 461 1636 nusquam
495 1554 543 1616 est
573 1552 727 1618 adhiblta.
741 1551 765 1632 1)
795 1552 865 1629 Qua
896 1556 1004 1618 tamen
1035 1576 1073 1618 ex
1103 1576 1137 1619 re
1169 1554 1275 1620 minus
1305 1557 1391 1620 recte
1413 1578 1496 1621 non-

304 1673 386 1739 nulli
409 1673 530 1739 efficere
553 1673 725 1740 uoluerunt
744 1675 827 1740 hanc
848 1676 1015 1760 epistulam
1037 1697 1103 1741 non
1124 1645 1375 1763 esse'genuinum
1389 1677 1497 1744 Ouidii

304 1817 393 1880 opus.
424 1794 610 1872 Quaerenda
633 1796 741 1881 potius
764 1800 833 1861 erat
856 1798 960 1862 uersui
983 1801 1132 1883 corrupto
1156 1802 1231 1883 apta
1255 1801 1396 1864 medela:
1421 1823 1497 1864 nam

302 1919 487 2002 corruptum
518 1939 585 1982 esse
615 1917 668 1982 uel
699 1939 716 1982 e
746 1919 907 1984 codicibus
930 1919 1038 2004 paullo
1063 1920 1240 1985 accuratius
1262 1920 1415 2005 inspeetis
1438 1943 1496 2004 ap·

303 2041 409 2122 paret,
435 2060 570 2123 quorum
595 2039 712 2103 mirum
736 2044 857 2124 quanta
880 2041 1034 2105 uarietate
1057 2041 1209 2106 exhibent
1227 2042 1374 2107 nonnulli
1390 2066 1498 2108 oerum

303 2173 355 2238 ot,
376 2160 520 2245 plerique
539 2163 592 2226 scd
610 2173 645 2226 ut
665 2161 716 2225 uel
736 2164 789 2226 sed
808 2165 904 2249 quod,
926 2163 1021 2247 pauci
1039 2167 1092 2229 sed
1113 2177 1140 2230 te
1158 2177 1212 2249 ct,
1231 2166 1289 2229 eet.
1307 2163 1398 2240 Quod
1417 2186 1497 2250 quo·

305 2284 398 2346 modo
419 2281 576 2366 possimus
596 2283 753 2367 explicare
773 2305 840 2348 non
852 2283 964 2363 uideo,
978 2285 1040 2349 nisi
1053 2288 1229 2351 statuamus
1241 2285 1338 2351 fuisse
1349 2286 1425 2351 olim
1436 2287 1498 2379 lroo

304 2404 374 2470 loeo
397 2403 563 2482 lacunam,
589 2427 608 2468 a
631 2405 728 2470 uariis
752 2405 890 2470 librariis
913 2407 999 2472 uarie
1025 2411 1202 2492 expletam,
1225 2409 1272 2473 ita
1294 2410 1332 2473 ut
1343 2411 1416 2496 post
1427 2414 1496 2488 sed,

304 2526 390 2610 quod
420 2526 597 2611 antiquitus
629 2526 725 2592 fuisse
752 2528 941 2608 uerisimile,
964 2529 1016 2594 uel
1038 2543 1074 2596 ot
1099 2568 1139 2580 -
1165 2531 1257 2595 metri
1281 2553 1375 2620 causa
1397 2532 1497 2597 inter·

303 2648 407 2732 posito
439 2661 467 2714 re
495 2647 531 2712 in
564 2675 606 2733 o,.
630 2674 659 2712 z.
685 2686 727 2698 -
751 2649 802 2714 uel
834 2654 917 2737 quod
948 2651 1017 2716 sine
1042 2652 1125 2716 iusto
1150 2674 1245 2717 sensu
1256 2650 1282 2739 ⁹)
1308 2653 1494 2736 adderetur,

302 2770 354 2834 uel
376 2773 493 2840 temere
512 2770 758 2855 interpolaretur
778 2795 886 2836 ceram
905 2785 949 2837 ot.
970 2771 1021 2838 Sic
1042 2774 1138 2838 etiam
1156 2774 1324 2839 uidebatur
1343 2774 1495 2853 Heinsio,

301 2892 356 2977 qui
388 2892 518 2956 sustulit
549 2893 665 2957 uitium
697 2895 899 2962 coniciendo:
923 2919 971 2961 mc
993 2900 1046 2961 sed
1068 2920 1173 2962 amore
1197 2900 1290 2962 sinos.
1314 2895 1494 2976 Baehrens,

298 3014 320 3080 l.
334 3013 355 3077 l.
380 3037 412 3099 p.
435 3013 498 3093 58,
520 3018 556 3078 ut
575 3014 709 3080 lacunae
730 3017 819 3101 origo
837 2987 1076 3102 intellegeretur
1096 3018 1226 3084 maluit:
1243 3042 1299 3084 nos
1318 3022 1371 3084 scd
1389 3041 1495 3084 amore

300 3137 402 3212 siloae,
427 3138 460 3200 et
482 3136 529 3200 ita
552 3140 637 3201 recte
660 3159 693 3202 88
716 3137 814 3202 habet
837 3161 956 3206 uersus.

345 3255 456 3322 Potest
488 3260 598 3322 tamen
623 3261 655 3323 et
677 3259 739 3324 hoo
763 3260 890 3324 fierint
914 3260 1069 3325 efficacius
1093 3262 1210 3340 mult0,
1236 3263 1495 3346 interpunctione

300 3379 392 3464 graui
425 3383 502 3444 ante
534 3404 640 3446 amore
671 3380 793 3463 posita,
818 3381 860 3446 sit
882 3381 1053 3466 legendum
1078 3406 1179 3449 amere
1202 3386 1302 3460 since,
1328 3385 1362 3448 et
1385 3405 1494 3448 uersus

299 3499 397 3566 fuerit
421 3501 496 3576 olim
523 3506 694 3587 conceptus
717 3502 752 3566 in
777 3502 863 3568 hunc
887 3505 1035 3570 modum:

501 3621 575 3688 Non
600 3629 636 3690 ut
658 3647 744 3690 ames
768 3647 823 3690 oro
836 3673 979 3692 .......
989 3650 998 3704 ;
1024 3648 1127 3692 amere
1151 3627 1246 3695 sinas.
1261 3629 1286 3712 ³)

300 3766 405 3830 comp.
429 3744 505 3810 Her.
528 3746 616 3813 VIII.
639 3748 700 3825 24,
721 3746 826 3812 XVII.
854 3748 895 3813 70
917 3752 948 3814 et
967 3749 994 3815 Ι.
1018 3748 1054 3826 2,
1077 3749 1132 3812 ubi
1151 3753 1235 3814 recte
1254 3751 1303 3814 est
1321 3750 1491 3834 seriptum:

524 3867 580 3932 Nil
604 3867 683 3932 mihi
705 3869 859 3934 rescribas
881 3872 919 3934 ut
940 3872 1065 3948 tamen;
1090 3870 1158 3954 ipse
1181 3871 1270 3935 ueni!

347 3987 437 4052 Inter
460 4012 514 4053 oro
539 3991 572 4052 et
595 4013 696 4055 amere
720 4027 759 4037 -
786 3990 847 4054 hoo
870 3990 896 4054 si
917 3991 1071 4056 sumimus
1092 4030 1132 4040 -
1152 3992 1344 4057 uocabulum
1364 3992 1492 4078 aliquod

336 4225 364 4287 1)
381 4224 441 4272 Luc.
459 4222 577 4282 Mueller,
595 4224 624 4272 de
641 4239 667 4272 re
684 4227 753 4273 metr.
771 4241 794 4289 p.
814 4226 876 4283 3803
894 4224 1057 4289 Fschenburg,
1076 4227 1150 4275 Matr.
1164 4227 1303 4277 Untcreuct.
1321 4231 1365 4276 cet.
1383 4245 1405 4293 p.
1418 4228 1456 4278 15.

333 4307 361 4369 2)
380 4307 436 4355 Non
462 4305 526 4354 enim
549 4308 612 4354 recte
637 4306 662 4354 id
688 4307 795 4355 defendit
820 4308 953 4356 Bersmann
981 4306 1080 4356 laudans
1105 4307 1177 4357 Trisl.
1198 4309 1227 4358 V.
1246 4309 1267 4357 1.
1287 4309 1491 4361 162Praemoneo

299 4405 422 4453 nmaquam
439 4388 529 4452 arrepta
544 4389 607 4452 quod
622 4389 665 4437 ille
681 4390 758 4453 Lapat,
775 4405 822 4453 quo
840 4405 922 4449 uersu,
941 4389 1014 4439 etiam
1028 4390 1047 4439 si
1062 4390 1095 4439 ibi
1110 4393 1230 4440 constaret
1243 4391 1313 4441 lcetio
1328 4393 1413 4452 citata,
1430 4394 1492 4443 nihil

298 4473 379 4519 tamen
396 4469 493 4519 omnino
509 4469 689 4534 comprobatum
706 4470 738 4519 iri
756 4474 861 4536 apparet.

334 4555 361 4617 3)
380 4552 416 4601 cl.
434 4553 485 4602 sine
500 4553 583 4601 credat
600 4553 653 4602 Am.
671 4553 691 4602 Ι.
712 4554 734 4601 8.
754 4552 797 4611 'll;
816 4554 866 4603 sine
882 4570 955 4604 errem
972 4557 1025 4605 Am.
1044 4554 1091 4604 III.
1112 4556 1150 4604 14.
1170 4556 1215 4616 29;
1230 4557 1280 4606 rinc
1287 4559 1364 4624 furta
1379 4563 1492 4623 tepantur

298 4634 366 4683 A.A.
385 4633 420 4684 IL
441 4635 501 4694 5553
519 4633 593 4684 sinite
603 4635 691 4700 feram
707 4634 780 4684 arist.
799 4635 822 4684 1.
841 4637 864 4686 2.
884 4636 923 4684 62.
