3380 5346
881 362 943 426 120

315 548 398 614 XIV
433 552 464 612 et
488 547 551 613 XV
578 544 691 630 [XVI]
716 548 858 628 recepta,
886 547 1005 609 docent
1027 546 1131 608 aetate
1154 543 1230 608 satis
1250 546 1392 629 remota,
1413 545 1514 608 idest

315 691 396 734 saec.
431 668 495 732 fere
521 668 600 746 VlI,
626 689 692 731 non
717 665 819 730 multo
839 669 1008 750 postquam
1031 666 1220 750 archetypus
1242 663 1418 731 Ouidianus
1438 688 1513 732 cou-

314 792 416 857 fectus
439 791 499 874 sit,
522 789 680 855 ¹exstitisse
704 789 844 853 codicem
868 790 1036 872 quemdam
1061 787 1204 852 carmina
1224 786 1331 851 Ouidii
1342 789 1512 853 continen-

314 917 398 990 tem,
430 912 466 977 in
496 932 558 995 quo
582 911 660 975 haec
684 913 794 975 nostra
816 908 965 994 Sapphus
989 909 1123 993 epistula
1147 913 1182 972 ut
1207 908 1382 993 genuinum
1406 907 1513 974 Ouidii

316 1056 394 1119 opus
431 1032 598 1118 legeretur.
637 1032 689 1095 Ad
725 1031 850 1094 irritum
885 1031 985 1114 igitur
1020 1029 1134 1094 cecidit
1167 1030 1307 1094 uirorum
1345 1030 1511 1096 doctorum

317 1155 572 1241 argumentatio,
604 1153 659 1238 qui
690 1175 729 1217 ex
760 1153 922 1230 codicum,
955 1173 1034 1236 quos
1066 1150 1160 1215 hodie
1192 1151 1357 1230 nouimus,
1388 1152 1513 1217 ratione

316 1278 437 1343 efficere
468 1276 575 1342 conati
598 1280 673 1342 suut
696 1275 838 1363 spurium
863 1295 928 1339 essa
950 1274 1136 1364 opusculum
1160 1277 1192 1342 et
1215 1274 1256 1342 ab
1280 1273 1395 1341 Ouidio
1420 1273 1512 1341 abiu·

318 1399 500 1466 dicandum.

365 1646 462 1712 Aliud
487 1649 592 1711 autem
616 1646 769 1711 indicium
790 1667 853 1728 quo
877 1645 1006 1728 probari
1028 1646 1135 1730 potest
1159 1643 1255 1708 fuisse
1279 1642 1424 1728 Sapphus
1448 1643 1517 1727 epi·

319 1769 436 1834 stulam
457 1768 654 1853 temporibus
671 1768 735 1831 iam
756 1768 896 1852 antiquis
915 1767 999 1831 inter
1018 1767 1125 1832 Ouidii
1146 1767 1286 1832 carmina
1299 1766 1518 1830 circumlatam

321 1891 452 1974 praebet
485 1890 576 1955 nobis
607 1889 727 1954 Marius
751 1889 874 1954 Plotius
898 1889 957 1974 [M.
985 1887 1150 1972 Claudius]
1175 1887 1343 1970 Sacerdos,
1369 1889 1424 1973 qui
1448 1909 1519 1952 sae·

322 2013 394 2076 culo
426 2012 469 2075 IV
493 2013 620 2096 scripsit
643 2011 712 2097 (Vl.
740 2013 817 2076 481.
840 2011 943 2097 Keil):
969 2012 1051 2076 »ello
1074 2010 1187 2074 tertiae
1212 2009 1432 2074 declinationis
1456 2010 1519 2074 rtis

323 2133 374 2198 uel
398 2137 446 2198 dic
470 2133 548 2197 facit
571 2133 738 2218 genetiuo,
762 2133 840 2197 haec
863 2132 990 2216 Atthis,
1015 2132 1109 2196 huius
1133 2131 1260 2208 Atthis,
1281 2131 1333 2195 uel
1353 2130 1515 2195 Atthidis:

324 2255 368 2320 sic
382 2255 546 2321 Ouidius.'’
562 2253 586 2338 1)
606 2254 727 2330 Quibus
739 2254 843 2318 uerbis
856 2255 933 2338 quin
946 2254 1120 2339 respexerit
1131 2252 1184 2317 ille
1196 2253 1316 2338 Sapph.
1330 2275 1379 2337 ep.
1393 2275 1440 2318 us.
1457 2254 1516 2318 18:

506 2375 582 2441 Non
607 2375 705 2440 oculis
730 2379 822 2458 grata
846 2379 894 2440 est
917 2376 1045 2454 Atthis,
1070 2379 1221 2453 utente,
1248 2375 1340 2439 meis·

324 2498 404 2562 mihi
423 2498 550 2582 quidem
570 2497 701 2562 dubium
714 2520 781 2562 esse
792 2499 912 2582 nequit.
926 2497 1054 2561 Etenim
1067 2498 1152 2581 quod
1164 2520 1183 2560 a
1195 2496 1435 2562 Schneidewino
1449 2495 1475 2581 ²)
1489 2501 1523 2562 et

325 2620 533 2686 Lachmanno
548 2621 574 2706 ³)
597 2659 636 2670 -
651 2620 768 2706 quibus
780 2643 882 2704 nuper
893 2643 926 2684 se
938 2621 1087 2684 adiunxit
1098 2621 1190 2685 Riese
1202 2622 1228 2706 ⁴)
1243 2657 1284 2668 -
1298 2622 1348 2684 est
1359 2619 1521 2684 obiectum

326 2763 478 2827 apparere
508 2764 546 2805 ex
578 2742 654 2826 ipsis
681 2741 883 2826 grammatici
907 2742 1012 2806 uerbis
1036 2742 1224 2827 epistulam,
1246 2764 1265 2805 a
1289 2742 1380 2805 nobis
1405 2744 1523 2806 tracta-

327 2865 412 2941 tam,
438 2863 579 2947 spuriam
602 2839 697 2941 esse,
710 2885 783 2928 cum
806 2864 862 2927 illo
886 2868 1015 2928 auctore
1038 2864 1073 2927 in
1097 2863 1237 2948 genuino
1262 2862 1368 2927 Ouidii
1393 2883 1524 2947 poema·

326 2985 371 3050 tio
405 2989 485 3050 esset
517 2986 653 3070 scriptus
685 3006 752 3050 non
784 2984 1002 3051 nominatiuus
1035 2987 1090 3051 sed
1120 2985 1287 3072 genetiuus
1312 2985 1457 3050 Atthidis
1481 3023 1524 3034 -

327 3106 387 3170 hoc
412 3106 518 3170 minus
550 3110 634 3170 recte
660 3129 692 3171 se
716 3107 832 3172 habere
856 3109 1003 3173 arbitror.
1028 3108 1113 3173 Nam
1136 3109 1171 3173 in
1195 3108 1252 3172 tali
1275 3130 1309 3172 re
1332 3108 1413 3172 nihil
1437 3107 1526 3172 aliud

328 3230 493 3313 spectabat
528 3229 647 3294 Marius
681 3229 805 3295 Plotius
837 3254 932 3314 quam
966 3234 1003 3294 ut
1031 3232 1188 3295 indicaret
1217 3229 1352 3294 formam
1385 3231 1527 3314 aliquam

328 3351 417 3416 citati
449 3351 596 3415 uocabuli
630 3355 716 3435 apud
748 3351 897 3416 Ouidium
928 3352 1008 3436 legi3
1042 3351 1122 3415 nihil
1153 3373 1229 3416 uero
1261 3351 1393 3415 curabat
1416 3353 1526 3415 utrum

328 3472 469 3556 positum
503 3476 584 3536 esset
615 3471 696 3535 illud
726 3493 800 3536 casu
832 3477 918 3536 recto
948 3495 990 3536 an
1023 3472 1169 3556 obliquo:
1203 3472 1304 3536 ueluti
1334 3496 1365 3556 p.
1389 3473 1465 3537 476.
1493 3473 1524 3536 5.

329 3593 471 3677 scripsit:
498 3593 651 3658 »Maenas
676 3592 849 3670 Maenadis,
876 3593 920 3657 sic
944 3593 1102 3670 Persius”‚
1128 3593 1183 3657 ubi
1208 3593 1339 3657 Maenas
1358 3614 1424 3656 non
1444 3593 1526 3676 legi·

328 3720 381 3778 tur
413 3714 476 3778 nisi
508 3715 705 3778 nominatiuo
739 3713 818 3800 (Sat.
850 3715 876 3778 l.
913 3716 974 3778 101
1008 3719 1040 3779 et
1074 3714 1162 3799 105).
1194 3713 1245 3778 Sic
1270 3714 1394 3779 Probus
1417 3714 1526 3798 paullo

330 3839 404 3898 ante
436 3834 488 3899 IV.
516 3835 567 3899 28.
593 3836 652 3900 Κ.;
678 3857 792 3901 »sons
818 3883 915 3903 .....
944 3836 999 3900 tis
1023 3835 1134 3901 faciet:
1158 3835 1288 3912 insons,
1312 3835 1467 3899 insontis:
1482 3835 1527 3899 sio

329 3956 504 4022 Horatius'’
518 3960 561 4044 ⁵),
592 3959 676 4042 apud
710 3958 880 4023 Horatium
913 3961 1018 4023 autem
1051 3962 1155 4023 insons
1175 3957 1374 4022 nominatiuo
1397 3961 1525 4022 tanturn

328 4126 495 4136 --.-.

367 4217 394 4282 1)
416 4238 439 4258 =
462 4215 554 4265 Probus
571 4216 657 4266 cathol.
677 4217 721 4266 lv.
740 4218 779 4266 30.
799 4219 829 4266 K.

365 4299 392 4363 2)
411 4300 476 4348 Mna,
497 4298 573 4347 Rhen.
592 4299 625 4348 N.
644 4300 667 4348 S.
687 4300 723 4348 11.
741 4315 764 4364 p.
784 4301 841 4348 144.

366 4383 393 4446 3)
412 4381 442 4429 In
460 4381 542 4430 Indice
560 4380 613 4430 lect.
632 4381 746 4431 Vniuers.
766 4382 845 4431 Berol.
864 4385 920 4431 aest.
939 4383 1019 4442 1848,
1037 4399 1060 4448 p.
1079 4385 1101 4432 3.

365 4465 393 4528 4)
412 4464 442 4512 In
460 4462 589 4513 Buraicn'r
603 4460 787 4513 Jahraberioht
803 4466 847 4514 cet.
867 4464 938 4516 1877.
958 4465 993 4514 ΙΙ.
1010 4481 1034 4530 p.
1053 4465 1093 4514 22.

367 4547 393 4612 5)
411 4547 476 4596 Mar.
494 4547 558 4596 Plot.
576 4548 627 4596 Sao.
647 4545 693 4596 VI.
709 4545 767 4598 479.
788 4547 817 4596 K.
