3386 5346
905 401 948 466 58

331 607 463 648 narrare
486 605 528 647 an
555 581 619 648 Ars
643 585 741 650 amat.
765 582 825 646 Ill.
854 583 936 648 769:
970 582 1011 647 Ul
1025 584 1128 646 eriora
1146 584 1244 667 pudet
1266 584 1408 646 docuisse.
1433 580 1527 645 Dicae

327 703 618 789 Einschw'araung,
651 704 770 770 welche
793 727 868 769 man
892 703 1081 768 hoffentlich
1103 702 1183 796 ¹rrird
1208 703 1350 787 zugeben
1374 712 1523 784 musaeu,

328 825 433 891 aumal
458 829 499 890 da
522 825 652 910 Sappho
673 825 854 911 uberhaupt
874 825 965 889 nicht
985 827 1079 889 anter
1098 824 1148 888 die
1168 823 1331 889 Heroiden
1351 825 1467 909 gehdrt
1481 865 1523 876 -

327 947 409 1014 cet.’'
444 947 491 1011 At
522 947 767 1033 primumquod
790 947 869 1011 dicit
893 947 1022 1030 Gruppe
1046 945 1104 1009 hos
1128 967 1237 1009 uersus
1259 944 1411 1010 feminam
1435 947 1524 1011 illam

327 1069 459 1132 minime
482 1071 608 1146 decere,
632 1068 755 1134 obicere
779 1068 858 1133 mihi
882 1069 976 1133 liceat
998 1067 1077 1131 alios
1102 1065 1209 1130 Ouidii
1228 1067 1315 1130 locos
1326 1066 1401 1131 huie
1413 1071 1525 1134 nostro

328 1190 525 1270 simillimos,
554 1190 799 1275 conferaturque
823 1212 849 1256 e.
863 1211 892 1272 g.
919 1188 996 1255 Her.
1022 1188 1081 1254 XI.
1109 1188 1150 1253 35
1176 1210 1244 1272 sqq.
1270 1189 1365 1274 (quae
1388 1189 1526 1275 epistula

328 1334 369 1376 ne
393 1334 412 1376 a
436 1312 577 1398 Gruppio
602 1314 729 1398 quidem
749 1312 885 1377 hahetur
904 1312 1023 1396 spuria)
1042 1310 1097 1374 ubi
1117 1310 1268 1374 nimirum
1286 1308 1411 1375 Canace
1423 1311 1525 1376 multo

328 1434 424 1498 etiam
448 1435 615 1499 obscenius
639 1435 677 1499 de
700 1457 734 1499 se
759 1435 920 1519 loquitur,
946 1455 1041 1520 quam
1065 1432 1117 1497 hic
1142 1431 1289 1517 Sapph03
1314 1433 1428 1498 deinde
1452 1456 1524 1498 uer-

328 1578 381 1620 sus
415 1556 458 1620 45
482 1577 551 1640 sqq.
575 1579 647 1622 oum
672 1580 717 1621 us.
747 1557 812 1621 133
843 1556 1000 1622 Ulteriora
1019 1558 1118 1643 pudet
1139 1578 1272 1620 narrare
1295 1558 1355 1619 cet.
1379 1574 1525 1640 pugnare

281 1689 283 1694 ’
328 1678 477 1757 minime,
511 1680 729 1764 unusquisque
764 1679 819 1763 qui
854 1677 963 1763 paullo
999 1677 1177 1742 accuratius
1214 1699 1281 1741 rem
1312 1679 1522 1763 perspexerit,

326 1801 452 1866 sentiet.
473 1801 630 1866 Pessimos
644 1824 709 1866 non
723 1823 789 1866 esse
802 1801 861 1865 hos
873 1822 983 1865 uersus
996 1821 1055 1864 nec
1068 1801 1179 1864 ceteris
1192 1800 1359 1864 dissimiles
1372 1800 1524 1884 exemplis

326 1943 342 1985 e
367 1922 561 1987 carminibus
580 1923 680 2007 ipsius
700 1922 808 1987 Ouidii
829 1921 934 1986 allatis
955 1922 1185 1986 demonstrasse
1204 1921 1283 1985 mihi
1295 1921 1423 2000 uideor,
1437 1924 1523 2006 quod

326 2043 414 2107 ualet
444 2045 629 2128 praesertim
655 2045 693 2108 de
717 2067 765 2110 us,
790 2045 851 2109 46:
877 2043 938 2108 Sed
961 2056 1032 2108 turre
1050 2046 1231 2131 praecipue,
1256 2068 1324 2108 cum
1342 2046 1387 2131 fit
1410 2048 1525 2110 amorio

326 2189 419 2253 opas,
452 2188 546 2251 quem
579 2188 706 2231 uersum
738 2167 869 2250 iugenio
903 2164 1011 2229 Ouidii
1042 2164 1128 2228 haud
1151 2165 1320 2249 indignum
1346 2165 1448 2230 dicere
1471 2166 1523 2230 uel

326 2289 438 2352 contra
470 2287 649 2372 Gruppium
681 2286 788 2351 nullus
821 2286 943 2353 dubito.
977 2286 1163 2351 Rectissime
1194 2307 1320 2372 quoque
1346 2287 1523 2372 comparari

325 2412 462 2493 possunt
481 2432 543 2475 uss.
566 2410 699 2475 49-50
720 2432 791 2475 cum
812 2407 888 2473 Her.
911 2407 1000 2473 XIV.
1021 2410 1082 2487 42,
1104 2408 1131 2473 si
1151 2430 1223 2473 cum
1243 2407 1390 2472 Palmero
1409 2408 1522 2488 facias,

325 2535 475 2615 peracute
485 2530 530 2595 ibi
543 2534 750 2597 emendante:
769 2531 909 2619 Quaeque
920 2533 976 2597 tibi
987 2534 1142 2608 dederam,
1159 2532 1251 2618 plena
1264 2533 1384 2619 soporis
1395 2530 1522 2617 erantl).

371 2653 538 2718 Praeterea
557 2653 637 2717 miro
658 2653 735 2718 satis
755 2657 849 2718 modo
870 2653 1000 2738 G'ruppe
1021 2653 1099 2716 dicit
1117 2673 1185 2716 non
1205 2653 1363 2736 pertinere
1375 2651 1522 2738 Sappho·

325 2798 398 2840 nem
423 2777 463 2840 ad
486 2774 645 2840 Heroinas
670 2775 841 2841 fabulosas.
878 2775 995 2840 Nonne
1020 2775 1106 2840 enim
1129 2775 1197 2859 ipse
1220 2774 1354 2840 Ouidius
1378 2775 1452 2840 Am.
1476 2776 1521 2842 Il.

327 2899 387 2983 18,
423 2920 469 2962 us.
509 2898 551 2962 26
588 2898 755 2983 epistulam
792 2897 938 2983 Sapphus
972 2897 1008 2962 in
1036 2917 1169 2961 numero
1195 2896 1414 2962 »Heroidum”
1439 2920 1458 2960 a
1489 2921 1522 2962 se

325 3019 493 3104 scriptam,
526 3018 794 3104 Sapphonemque
826 3021 925 3104 igitur
956 3041 974 3082 a
1005 3041 1038 3100 se
1072 3040 1145 3082 cum
1174 3016 1325 3083 Heroinis
1354 3018 1418 3083 illis
1445 3040 1521 3084 oon·

323 3141 467 3204 iunctam
495 3163 562 3206 esse
594 3142 709 3206 diserte
733 3145 892 3206 testatur?
916 3141 1114 3206 Monendum
1138 3144 1248 3205 tamen
1271 3145 1319 3204 est
1343 3140 1523 3232 Gruppium

324 3263 370 3349 (in
407 3263 508 3330 Aeaeo
539 3288 569 3349 p.
609 3266 686 3350 144)
722 3268 823 3330 totam
857 3265 945 3328 illam
981 3265 1115 3348 elegiam
1147 3264 1220 3328 Am.
1253 3264 1297 3329 Il.
1331 3263 1373 3328 18
1406 3263 1521 3328 Ouidio

324 3385 522 3451 abiudicata:
550 3408 613 3471 qua
636 3387 670 3449 in
693 3408 728 3450 re
752 3408 823 3452 eum
844 3385 929 3450 haud
952 3409 1062 3451 uerear
1086 3387 1317 3471 nequisquam
1341 3386 1390 3450 illi
1414 3409 1521 3452 assen-

323 3509 440 3586 tiatur,
462 3510 524 3573 iam
558 3530 624 3572 non
652 3508 788 3591 amplius
812 3530 1061 3586 commoremur,
1087 3531 1159 3573 cum
1181 3509 1366 3593 praesertim
1391 3512 1423 3572 et
1446 3508 1522 3573 alibi

324 3629 529 3716 Sapphonem
562 3631 751 3696 collocatam
777 3631 941 3695 uideamus
963 3632 1048 3696 inter
1070 3630 1283 3714 ›Heroinas”,
1309 3632 1412 3695 ueluti
1436 3634 1522 3715 apud

322 3750 446 3818 Auson.
472 3752 584 3838 Epigr.
611 3753 678 3818 Xc.
706 3754 766 3830 133
793 3751 873 3838 Oup.
900 3774 984 3818 cruc.
1010 3755 1063 3818 24.

368 3875 504 3941 Easdem
540 3876 598 3940 has
633 3876 674 3940 ob
709 3898 819 3942 causae
853 3877 985 3941 minime
1017 3899 1083 3942 esse
1115 3877 1351 3942 assentiendum
1383 3878 1517 3957 iudicio,

323 3998 408 4082 quod
443 4000 481 4061 de
504 4020 566 4064 aas.
588 4000 631 4064 49
657 4021 703 4082 sq.
728 3999 805 4064 fecit
827 3999 948 4064 Teuffel
974 4002 1016 4086 (ιι.
1043 4003 1084 4064 ad
1106 4022 1152 4065 us.
1178 4001 1252 4086 24),
1278 4020 1346 4063 non
1369 4021 1448 4086 opus
1473 4004 1521 4065 est

323 4122 360 4184 ut
382 4119 527 4204 pluribus
551 4121 763 4185 ostendamus

368 4300 425 4368 Vs.
448 4303 500 4366 51.
520 4301 552 4368 N
555 4324 615 4368 vno
638 4324 704 4369 rma
723 4304 898 4370 Sicamoas
912 4324 1053 4368 vnmvrr
1070 4324 1154 4368 nova
1169 4324 1296 4369 aarum
1309 4325 1465 4374 evaunen.
1479 4306 1518 4374 cf.

321 4422 395 4489 Am.
420 4424 446 4489 I.
474 4426 503 4488 2.
532 4425 590 4490 19:

357 4561 383 4624 1)
411 4562 483 4609 Recte
509 4562 573 4610 enim
600 4565 683 4611 contra
713 4561 911 4629 Shuckburghum
939 4563 1044 4613 defendit
1071 4580 1122 4614 eam
1153 4565 1342 4614 emendationem
1368 4565 1515 4630 Sedlmayer,

323 4641 391 4691 Krit.
412 4645 540 4694 comerent.
557 4646 600 4694 cat.
619 4660 643 4710 p.
663 4645 702 4693 tt.
