3386 5346
932 443 952 507 6

354 630 483 712 agatur,
514 627 653 692 breuiter
684 627 882 692 describendi
913 629 1007 690 erunt
1037 625 1160 690 codices
1191 626 1342 710 permulti
1372 627 1428 711 qui
1451 626 1535 693 hanc

341 748 509 834 epistulam
528 750 672 813 tradunt.
693 748 747 813 Ad
766 750 935 833 quodcum
954 748 1018 812 iam
1040 749 1189 832 accingor
1200 753 1474 833 praemonendum
1485 753 1534 816 est

341 893 392 936 me
422 874 495 956 post
526 869 722 955 Sedlmayeri
752 871 880 956 egregia
907 869 1158 953 »Prolegomena
1182 867 1292 934 critica
1316 872 1356 933 ad
1380 869 1534 936 Heroides

341 992 549 1070 Ouidianas”,
575 1013 634 1056 -ne
668 991 785 1076 longus
820 982 920 1056 essem
954 993 987 1055 et
1020 995 1091 1057 acta
1120 1011 1219 1075 agere
1255 991 1393 1069 uiderer,
1434 994 1533 1059 satius

341 1113 469 1178 duxisse
501 1113 573 1178 illos
608 1113 707 1178 libros
739 1114 778 1177 de
810 1113 925 1197 quibus
954 1111 1008 1176 ille
1039 1115 1106 1176 tam
1138 1116 1284 1177 accurate
1315 1114 1400 1198 egit,
1425 1116 1533 1199 paucis

340 1239 468 1300 tantum
491 1235 684 1312 describere,
708 1235 865 1320 copiosius
888 1233 996 1319 paullo
1018 1237 1157 1300 tractare
1180 1256 1232 1300 eos
1256 1256 1336 1319 quos
1359 1237 1429 1314 ille,
1455 1241 1492 1303 ut
1514 1260 1533 1302 a

339 1356 503 1441 proposito
526 1378 583 1422 suo
607 1356 747 1434 alienos,
772 1355 900 1422 silentio
923 1355 1146 1440 praetermisit.

380 1601 422 1688 f)
449 1604 517 1666 cod.
549 1600 856 1684 Francofurtanus1)
889 1600 968 1664 bibl.
991 1600 1080 1684 publ.
1106 1601 1384 1682 membranaceus,
1409 1603 1532 1668 saeculo

339 1724 424 1789 XIII
446 1724 556 1808 procul
580 1724 675 1789 dubio
699 1724 785 1788 haud
809 1724 987 1801 recentIor,
1011 1724 1180 1789 continens
1205 1746 1301 1809 opera
1322 1727 1354 1789 et
1373 1723 1532 1791 Ouidiana

339 1849 373 1910 et
405 1844 707 1910 Pseudo-Ouidiana
741 1845 850 1910 omnia
884 1847 1009 1930 praeter
1043 1843 1127 1912 Med.
1158 1843 1230 1928 fac,
1262 1843 1414 1929 Halieut,
1439 1845 1528 1931 Ilpic.

338 1967 433 2034 Drus.
448 1969 486 2056 2).
506 1968 653 2053 Sapphus
673 1968 809 2052 epistula
829 1968 898 2032 sine
919 1967 986 2031 ulla
1005 1967 1214 2052 inscriptione
1234 1968 1285 2032 uel
1297 1968 1530 2053 subscriptione

338 2090 372 2156 in
410 2111 446 2155 eo
480 2090 645 2154 inuenitur
680 2088 857 2154 Heroidum
893 2111 1024 2153 numero
1060 2089 1250 2174 praemissa,
1282 2090 1401 2174 scripta
1433 2113 1531 2156 manu

338 2212 460 2296 prima,
493 2214 530 2276 ut
559 2203 643 2276 recte
673 2211 844 2275 affirmauit
876 2210 968 2275 Riese
1000 2213 1113 2275 contra
1143 2209 1324 2289 Loersium,
1354 2211 1410 2296 qui
1433 2234 1531 2276 manu

339 2333 440 2398 altera
458 2333 604 2419 quamuis
624 2354 691 2398 non
711 2333 813 2397 multo
833 2333 1007 2405 recentiore
1034 2355 1103 2396 eam
1126 2333 1268 2398 addItam
1287 2355 1354 2398 esse
1366 2321 1536 2399 contendit

338 2453 387 2541 (in
410 2454 486 2520 edit.
508 2452 584 2518 Her.
610 2453 703 2519 Ouid.
723 2477 756 2538 p.
781 2454 871 2539 632).
907 2451 1118 2519 Collationem
1142 2452 1236 2518 huius
1260 2453 1376 2519 codicis
1399 2477 1463 2540 qua
1483 2458 1532 2520 est

339 2598 415 2661 erga
437 2599 488 2641 me
511 2576 736 2641 beneuolentia
759 2575 839 2640 mihi
862 2575 949 2640 misit
971 2575 1011 2639 A.
1036 2575 1128 2640 Riese
1151 2575 1192 2642 V.
1214 2575 1259 2652 0.,
1282 2581 1465 2661 praeceptor
1477 2597 1530 2641 ca*

338 2699 498 2764 rissimus:
522 2699 577 2782 qui
600 2720 696 2784 quam
720 2701 866 2763 accurate
889 2696 1093 2775 contulisset,
1119 2719 1221 2782 nuper
1240 2697 1308 2782 ipsc
1328 2697 1532 2764 Francofurti

339 2820 479 2885 codicem
502 2821 664 2885 excutiens
687 2825 778 2906 grato
803 2820 910 2884 animo
933 2818 1010 2883 uidi.

384 2942 472 3007 Idem
511 2964 578 3007 esse
609 2942 662 3007 hic
692 2944 791 3006 codex
822 2940 947 3005 uidetur
978 2962 1014 3004 ao
1045 2940 1143 3024 liber,
1173 2940 1227 3025 qui
1262 2941 1360 3024 uulgo
1397 2941 1529 3022 dicitur,

340 3064 579 3150 Noupcriooos:
610 3063 734 3148 saepius
766 3063 851 3127 enirn
882 3061 1063 3146 Naugerius
1095 3064 1176 3126 citat
1201 3062 1353 3126 lectiones
1377 3064 1469 3128 nobis
1493 3087 1531 3129 ex

339 3206 403 3249 uuo
418 3187 450 3272 f.
471 3187 577 3250 codice
593 3187 697 3250 notas.
721 3184 829 3249 Minus
849 3187 957 3248 tamen
974 3189 1060 3248 recte
1079 3181 1149 3248 VV.
1165 3180 1235 3247 DD.
1260 3183 1350 3267 loqui
1374 3185 1480 3249 solent
1493 3187 1531 3250 de

338 3306 442 3372 »libro
477 3306 723 3392 Naugeriano'’;
760 3329 835 3370 nam
871 3306 1008 3370 contuIIt
1037 3304 1217 3390 Naugerius
1248 3328 1314 3371 nou
1346 3329 1446 3372 unum
1476 3311 1531 3372 sed

338 3427 516 3513 complures
539 3429 677 3507 codices,
703 3431 741 3492 ut
762 3450 801 3492 ex
824 3427 923 3512 ipsius
946 3426 1051 3491 uerbis
1074 3430 1183 3511 patet,
1210 3428 1390 3512 multasque
1409 3429 1532 3513 profert

337 3549 506 3628 lectiones,
538 3570 620 3633 quae
651 3548 685 3612 in
710 3550 741 3635 s.
776 3569 842 3613 non
871 3549 1082 3632 reperiuntur.
1118 3547 1205 3624 Quae
1228 3531 1400 3614 aduolauit
1419 3550 1473 3614 ille
1495 3551 1531 3615 in

338 3669 501 3734 notissima
527 3669 632 3734 Ouidii
652 3691 783 3754 operum
803 3669 942 3734 editione
961 3669 1082 3733 Aldina
1101 3692 1151 3734 an.
1178 3669 1399 3736 1515-1516
1413 3671 1528 3758 (1533)

337 3793 496 3877 desumpsi
517 3814 565 3866 ex
596 3793 766 3877 exemplari
796 3791 948 3876 Lugduni
978 3790 1013 3855 in
1040 3790 1396 3860 bibliotheca'uniuers.
1421 3796 1528 3858 adser-

336 3916 429 3995 uat0,
462 3917 645 3998 comparato
677 3935 750 3978 oum
781 3912 936 3998 Naugerii
966 3933 1052 3998 oper.
1086 3935 1171 3977 omn.
1204 3935 1268 3979 cur.
1303 3913 1429 3998 Vulpiis
1452 3916 1528 4001 (Pa-

335 4033 415 4097 tauii
442 4034 541 4118 1718)
564 4057 596 4118 p.
623 4019 687 4098 14'4
699 4056 767 4119 sqq.

378 4154 430 4240 H)
454 4158 521 4220 cod.
559 4154 751 4220 Harleianus
784 4157 890 4234 2499,
924 4178 1004 4221 saec.
1035 4155 1117 4234 XV,
1150 4155 1351 4235 chartaceus,
1384 4159 1529 4224 continet

333 4275 492 4354 Sallustii,
525 4276 651 4343 Boethii
681 4281 739 4342 cet.
774 4300 870 4362 opera
893 4282 925 4343 et
948 4276 1003 4342 fol.
1028 4278 1168 4342 87-92-
1185 4276 1307 4362 Sapph.
1331 4279 1524 4363 epistulam,

366 4590 390 4651 1)
408 4589 557 4654 Sedlmayer,
576 4588 651 4639 Proll.
669 4605 691 4653 p.
712 4589 750 4638 19.

365 4671 393 4736 2)
411 4673 468 4738 Nux
483 4670 559 4735 elegia
576 4686 648 4722 meno
665 4670 713 4721 alia
729 4687 787 4721 saec.
806 4670 949 4720 le-XV
968 4671 1048 4721 eddItu
1065 4673 1109 4722 est.
