3386 5346
187 568 239 634 cui
270 568 431 654 praeeedit
462 566 616 652 praefatio
647 588 711 652 qua
741 566 973 633 confirmantur
998 589 1079 651 quae
1104 569 1379 653 supradiximus,

186 690 371 775 epistulam,
404 711 477 754 cum
508 711 547 755 ex
577 688 753 754 Heroidnm
781 710 912 754 numero
937 689 1120 767 excidisset,
1144 691 1207 755 iam
1231 691 1307 757 olim
1331 712 1380 754 se-

186 812 323 897 paratim
358 812 427 877 sine
462 812 624 897 scriptoris
659 811 788 877 nomine
822 833 889 876 csse
925 811 1160 895 circumlatam,
1205 811 1319 878 haecce
1332 809 1377 899 ¹):

187 931 301 998 >Circa
332 932 431 998 lesbia
460 933 582 1019 Saphos
614 933 757 998 mitilene
789 933 958 1017 epistolam
982 934 1022 997 ad
1045 933 1202 1018 phaonem
1228 935 1380 1000 dilectum

187 1076 301 1119 »suum
325 1055 485 1139 scriptam.
510 1054 631 1140 Magna
653 1055 760 1120 extitit
783 1056 949 1120 contencio
973 1056 1044 1140 quis
1068 1055 1130 1120 hoc
1153 1056 1281 1141 insigne
1300 1078 1380 1141 opus

187 1198 227 1240 »e
259 1196 353 1261 greco
387 1177 423 1241 in
457 1177 594 1241 latinum
628 1177 830 1243 transtulerit
860 1178 1007 1262 quamuis
1038 1177 1119 1242 aduc
1151 1178 1186 1241 in
1218 1177 1314 1242 dnbio
1346 1179 1380 1242 id

188 1298 360 1363 »uoluatur
390 1299 577 1364 coniecturis
599 1265 670 1364 tuin
694 1299 734 1364 ad
756 1299 790 1364 id
812 1301 946 1364 uentum
970 1304 1033 1378 est,
1058 1301 1144 1384 quod
1168 1301 1292 1365 auidius
1314 1301 1379 1365 sul·

186 1421 369 1486 amonensis
400 1422 428 1486 is
459 1421 519 1486 siet
542 1422 597 1506 qui
620 1422 830 1487 transtulerit.
856 1419 967 1506 quue
992 1421 1073 1486 nihil
1097 1421 1264 1486 iocundius
1289 1422 1380 1508 eligi·

186 1543 366 1628 ›biliusque
389 1547 476 1608 extet
499 1543 693 1609 carminibus
716 1543 864 1628 elegiacis
887 1542 995 1608 Ouidii
1018 1545 1112 1629 quale
1135 1544 1233 1608 etiam
1252 1566 1380 1609 carmen

187 1686 357 1749 »praesens
391 1669 541 1730 noscatur
571 1688 647 1730 esse.
680 1667 825 1751 Itemque
847 1688 920 1731 curn
943 1665 1111 1730 uicesimus
1126 1668 1151 1751 ²)
1184 1688 1293 1730 uersus
1325 1666 1381 1751 qui

187 1789 270 1851 »erit
299 1788 393 1852 huius
423 1788 526 1872 operis
557 1788 641 1853 idem
672 1787 848 1872 reperiatur
880 1789 914 1851 in
938 1787 1020 1851 libro
1044 1785 1152 1851 Ouidii
1176 1788 1243 1852 sine
1266 1787 1381 1866 titulo,

187 1908 285 1972 »item
316 1931 424 1974 uersus
456 1910 511 1993 qui
540 1910 626 1974 infra
649 1910 853 1974 habebuntur
876 1910 915 1974 de
938 1911 1063 1973 turture
1085 1909 1169 1974 idem
1193 1910 1278 1994 apud
1302 1908 1380 1974 Oni-

187 2029 297 2093 ›dium
331 2032 408 2093 sunt
438 2031 565 2115 scripti,
596 2031 673 2094 item
703 2031 738 2095 in
769 2031 915 2115 pluribus
938 2031 1008 2095 aliis
1032 2030 1176 2095 uersibus
1199 2031 1240 2095 ab
1264 2029 1380 2095 Ouidio

186 2151 334 2235 ascriptis
369 2151 420 2216 uel
451 2153 621 2236 assumptis
652 2174 692 2216 ex
722 2152 782 2216 hoc
815 2174 909 2237 opere
939 2152 1221 2218 coniecturandum
1254 2152 1381 2217 uidetur

186 2271 312 2356 >ipsum
343 2271 404 2338 hoc
435 2294 515 2357 opus
545 2273 777 2338 transtulisse.”
807 2273 933 2337 Titulus
958 2273 1111 2358 epistulae
1131 2271 1198 2338 est:
1231 2273 1380 2340 >Lesbiae

177 2393 330 2482 'aSaphos
363 2395 507 2460 Mitehene
540 2396 703 2482 epistolam
737 2399 780 2460 ad
814 2395 976 2461 Phaonem
1007 2420 1102 2459 caum
1138 2398 1288 2483 scriptam
1320 2397 1380 2482 depe

175 2515 388 2601 'ascelinam'
413 2515 453 2579 In
476 2515 539 2580 fine
562 2516 736 2600 epistulae,
760 2520 834 2600 post
858 2515 1141 2601 subscriptionem:
1166 2515 1278 2580 »Finis
1296 2517 1379 2604 Epi·

185 2638 259 2702 stola
289 2637 411 2725 Saphar
441 2641 484 2702 ad
513 2638 675 2704 Phaonem
708 2637 878 2727 scriptam’'
904 2638 975 2725 (sie)
1001 2639 1156 2722 scriptum
1181 2642 1228 2702 est
1251 2659 1378 2704 carmen

185 2759 285 2824 Marci
308 2759 470 2824 cuiusdam
494 2759 592 2825 Siculi
612 2761 720 2825 leudes
740 2760 889 2846 Sapphus
908 2761 1105 2845 praedicans.
1128 2759 1275 2826 Contulit
1293 2760 1380 2825 hune

184 2880 301 2945 librum
321 2886 466 2946 accurate
486 2905 590 2946 meum
608 2884 643 2946 in
663 2905 754 2947 usum
774 2882 805 2948 J.
827 2882 968 2961 Kenrke,
990 2883 1109 2947 amicus
1122 2881 1377 2947 officiosissimus.

230 3003 276 3089 F)
307 3006 375 3068 cod.
407 3002 574 3069 Fuldensis
606 3029 638 3070 n.
676 3006 748 3070 178.
784 3007 814 3069 4.
845 3004 879 3069 (1.
917 3006 975 3084 17,
1008 3027 1087 3070 saec.
1121 3004 1183 3070 XV
1215 3005 1378 3084 exeuntis,

185 3125 305 3203 chart,
329 3128 403 3209 post
425 3125 554 3191 Sallust.
579 3125 673 3192 Catil.
699 3127 844 3191 continet
867 3126 986 3212 Sapph.
1008 3150 1057 3212 ep.
1079 3126 1148 3212 (fol.
1172 3127 1378 3214 117-122b)

185 3247 390 3331 inscriptam:
424 3247 567 3336 »Saphar
598 3248 705 3313 Lesbia
738 3249 887 3313 mitilenee
909 3250 1039 3335 epistola
1062 3251 1105 3312 ad
1123 3249 1278 3336 phaonem
1302 3250 1378 3313 dile·

184 3382 266 3434 alam
297 3393 387 3434 saum
415 3374 524 3457 incipit
545 3371 713 3456 feliciten.’'
736 3369 917 3454 Epistulam
944 3369 1077 3454 excipit,
1103 3391 1202 3454 aeque
1224 3373 1320 3452 atque
1343 3370 1379 3433 in

183 3489 245 3565 Η.,
271 3512 398 3556 carmen
422 3491 523 3556 Marci
546 3492 644 3558 Siculi
668 3493 707 3556 de
732 3492 825 3557 laude
848 3491 1004 3576 Sapphus.
1032 3490 1169 3556 Collatia
1191 3490 1286 3555 huius
1303 3490 1377 3555 libri

184 3612 289 3674 exstat
318 3615 402 3696 apud
425 3611 625 3691 Dronkium,
649 3612 815 3678 Lectiones
839 3611 923 3691 cia,
948 3613 1100 3691 Sallust,
1126 3612 1219 3679 Ouid.
1245 3634 1262 3677 e
1285 3614 1375 3678 codd.

183 3730 330 3797 Fuldens.
348 3733 392 3819 ³),
417 3757 449 3818 p.
475 3736 517 3799 30
541 3757 588 3819 sq.

226 3851 274 3936 9⁴)
300 3852 368 3917 eod.
401 3852 687 3938 Guelferbytanus,
714 3854 754 3919 ab
779 3854 912 3919 Heinsio
937 3859 969 3920 et
991 3854 1179 3920 Burmanno
1203 3854 1375 3921 Seriueria-

183 3995 245 4037 nus
267 3973 320 4037 uel
343 3973 527 4039 chartaceus
551 3974 699 4040 Seriuerii
720 3975 917 4060 appellatus,
939 3976 1075 4061 scriptus
1096 3998 1148 4040 an.
1172 3976 1277 4055 1456,
1298 3998 1374 4042 con-

182 4094 289 4159 tinens
324 4094 430 4160 Ouidii
462 4097 611 4176 Amores,
643 4096 816 4174 Heroides,
847 4097 1004 4162 Leonardi
1035 4099 1162 4163 Aretini
1196 4100 1374 4165 uersionem

181 4214 329 4280 Latinam
352 4217 530 4283 Phalaridis
549 4219 776 4304 epistularum,
796 4219 933 4284 Antonii
956 4220 1179 4286 Panormitani
1198 4223 1237 4286 ad
1257 4221 1374 4288 Lamo-

145 4524 149 4532 ·
216 4466 243 4530 1)
261 4467 355 4531 Scripta
371 4481 443 4517 mauu
460 4465 507 4515 alia
523 4470 594 4531 atque
611 4483 714 4532 eaquae
731 4468 826 4533 scripsit
842 4467 929 4533 Sapph.
949 4483 985 4533 ap.

216 4547 244 4613 2)
261 4548 317 4612 Ing.
337 4548 477 4599 tricesimus
493 4547 601 4613 primus''
619 4550 657 4611 (ot.
674 4552 729 4600 Am.
748 4551 785 4600 Il.
806 4551 829 4598 3.
850 4551 903 4614 13).

216 4631 244 4696 3)
261 4630 346 4694 Pragr.
362 4631 451 4695 Gymu.
468 4629 577 4682 lluldeue.
598 4632 671 4681 1849.
