<?xml version="1.0" encoding="UTF-8"?>
<!DOCTYPE html PUBLIC "-//W3C//DTD XHTML 1.0 Transitional//EN"
    "http://www.w3.org/TR/xhtml1/DTD/xhtml1-transitional.dtd">
<html xmlns="http://www.w3.org/1999/xhtml" xml:lang="en" lang="en">
 <head>
  <title>
</title>
<meta http-equiv="Content-Type" content="text/html;charset=utf-8" />
  <meta name='ocr-system' content='tesseract 3.04.00' />
  <meta name='ocr-capabilities' content='ocr_page ocr_carea ocr_par ocr_line ocrx_word'/>
</head>
<body>
  <div class='ocr_page' id='page_1' title='image "./epistvlasapphvs00vriegoog_0030.png"; bbox 0 0 3386 5346; ppageno 0'>
   <div class='ocr_carea' id='block_1_1' title="bbox 764 400 805 466">
    <p class='ocr_par' dir='ltr' id='par_1_1' title="bbox 764 400 805 466">
     <span class='ocr_line' id='line_1_1' title="bbox 764 400 805 466; baseline -0.024 0"><span class='ocrx_word' id='word_1_1' title='bbox 764 400 805 466; x_wconf 80' lang='lat'><strong>15</strong></span> 
     </span>
    </p>
   </div>
   <div class='ocr_carea' id='block_1_2' title="bbox 179 583 1378 1760">
    <p class='ocr_par' dir='ltr' id='par_1_2' title="bbox 179 583 1378 1397">
     <span class='ocr_line' id='line_1_2' title="bbox 182 583 1378 670; baseline 0.004 -23"><span class='ocrx_word' id='word_1_2' title='bbox 182 583 352 667; x_wconf 89' lang='lat' dir='ltr'><strong>affirmari,</strong></span> <span class='ocrx_word' id='word_1_3' title='bbox 376 583 473 648; x_wconf 89' lang='lat' dir='ltr'><strong>etiam</strong></span> <span class='ocrx_word' id='word_1_4' title='bbox 495 586 568 666; x_wconf 91' lang='lat' dir='ltr'><strong>post</strong></span> <span class='ocrx_word' id='word_1_5' title='bbox 592 583 760 668; x_wconf 73' lang='lat' dir='ltr'>diligentes</span> <span class='ocrx_word' id='word_1_6' title='bbox 786 583 932 647; x_wconf 87' lang='lat' dir='ltr'><strong>Merkelii</strong></span> <span class='ocrx_word' id='word_1_7' title='bbox 955 583 1177 668; x_wconf 79' lang='lat' dir='ltr'><strong>inquisitiones</strong></span> <span class='ocrx_word' id='word_1_8' title='bbox 1198 586 1247 670; x_wconf 86' lang='lat' dir='ltr'><strong>(in</strong></span> <span class='ocrx_word' id='word_1_9' title='bbox 1265 585 1378 652; x_wconf 85' lang='lat' dir='ltr'><strong>Fasto-</strong></span> 
     </span>
     <span class='ocr_line' id='line_1_3' title="bbox 181 702 1378 790; baseline 0.003 -22"><span class='ocrx_word' id='word_1_10' title='bbox 181 727 250 768; x_wconf 89' lang='lat' dir='ltr'><strong>rum</strong></span> <span class='ocrx_word' id='word_1_11' title='bbox 276 707 308 770; x_wconf 91' lang='lat' dir='ltr'><strong>et</strong></span> <span class='ocrx_word' id='word_1_12' title='bbox 332 704 482 769; x_wconf 85' lang='lat' dir='ltr'><strong>Tristium</strong></span> <span class='ocrx_word' id='word_1_13' title='bbox 508 705 583 769; x_wconf 87' lang='lat' dir='ltr'><strong>edit.</strong></span> <span class='ocrx_word' id='word_1_14' title='bbox 608 705 697 788; x_wconf 78' lang='lat' dir='ltr'><strong>mai.)</strong></span> <span class='ocrx_word' id='word_1_15' title='bbox 720 705 841 789; x_wconf 90' lang='lat' dir='ltr'><strong>nequit.</strong></span> <span class='ocrx_word' id='word_1_16' title='bbox 877 702 925 769; x_wconf 88' lang='lat' dir='ltr'><strong>De</strong></span> <span class='ocrx_word' id='word_1_17' title='bbox 946 706 1036 772; x_wconf 86' lang='lat' dir='ltr'><strong>codd.</strong></span> <span class='ocrx_word' id='word_1_18' title='bbox 1057 709 1165 769; x_wconf 86' lang='lat' dir='ltr'><strong>tamen</strong></span> <span class='ocrx_word' id='word_1_19' title='bbox 1186 706 1287 790; x_wconf 86' lang='lat' dir='ltr'><strong>Bodl,</strong></span> <span class='ocrx_word' id='word_1_20' title='bbox 1302 707 1378 772; x_wconf 86' lang='lat' dir='ltr'><strong>Lin-</strong></span> 
     </span>
     <span class='ocr_line' id='line_1_4' title="bbox 181 824 1378 911; baseline 0.003 -21"><span class='ocrx_word' id='word_1_21' title='bbox 181 825 276 904; x_wconf 66' lang='lat' dir='ltr'><strong>coln..</strong></span> <span class='ocrx_word' id='word_1_22' title='bbox 301 825 435 903; x_wconf 81' lang='lat' dir='ltr'><strong>Meran,</strong></span> <span class='ocrx_word' id='word_1_23' title='bbox 459 825 561 891; x_wconf 89' lang='lat' dir='ltr'><strong>Palat.</strong></span> <span class='ocrx_word' id='word_1_24' title='bbox 583 825 761 890; x_wconf 74' lang='lat' dir='ltr'><strong>accuratius</strong></span> <span class='ocrx_word' id='word_1_25' title='bbox 782 847 869 890; x_wconf 91' lang='lat' dir='ltr'><strong>nunc</strong></span> <span class='ocrx_word' id='word_1_26' title='bbox 889 828 996 909; x_wconf 88' lang='lat' dir='ltr'><strong>potest</strong></span> <span class='ocrx_word' id='word_1_27' title='bbox 1015 824 1147 891; x_wconf 87' lang='lat' dir='ltr'><strong>iudicari</strong></span> <span class='ocrx_word' id='word_1_28' title='bbox 1166 848 1261 911; x_wconf 90' lang='lat' dir='ltr'><strong>quam</strong></span> <span class='ocrx_word' id='word_1_29' title='bbox 1273 828 1378 894; x_wconf 89' lang='lat' dir='ltr'><strong>adhuc</strong></span> 
     </span>
     <span class='ocr_line' id='line_1_5' title="bbox 182 945 1378 1034; baseline 0.004 -23"><span class='ocrx_word' id='word_1_30' title='bbox 182 950 230 1011; x_wconf 89' lang='lat' dir='ltr'><strong>est</strong></span> <span class='ocrx_word' id='word_1_31' title='bbox 260 947 399 1024; x_wconf 85' lang='lat' dir='ltr'><strong>factum,</strong></span> <span class='ocrx_word' id='word_1_32' title='bbox 424 968 497 1011; x_wconf 87' lang='lat' dir='ltr'><strong>cum</strong></span> <span class='ocrx_word' id='word_1_33' title='bbox 521 945 561 1012; x_wconf 84' lang='lat' dir='ltr'><strong>A.</strong></span> <span class='ocrx_word' id='word_1_34' title='bbox 586 945 711 1011; x_wconf 73' lang='lat' dir='ltr'><strong>Gerolre</strong></span> <span class='ocrx_word' id='word_1_35' title='bbox 736 967 824 1010; x_wconf 90' lang='lat' dir='ltr'><strong>meus</strong></span> <span class='ocrx_word' id='word_1_36' title='bbox 848 945 990 1011; x_wconf 88' lang='lat' dir='ltr'><strong>Berolini</strong></span> <span class='ocrx_word' id='word_1_37' title='bbox 1013 947 1049 1010; x_wconf 91' lang='lat' dir='ltr'><strong>in</strong></span> <span class='ocrx_word' id='word_1_38' title='bbox 1072 945 1267 1012; x_wconf 90' lang='lat' dir='ltr'><strong>bibliotheca</strong></span> <span class='ocrx_word' id='word_1_39' title='bbox 1290 950 1378 1034; x_wconf 84' lang='lat' dir='ltr'><strong>regia</strong></span> 
     </span>
     <span class='ocr_line' id='line_1_6' title="bbox 181 1066 1378 1153; baseline 0.005 -23"><span class='ocrx_word' id='word_1_40' title='bbox 181 1067 342 1132; x_wconf 85' lang='lat' dir='ltr'><strong>inuenerit</strong></span> <span class='ocrx_word' id='word_1_41' title='bbox 371 1089 538 1151; x_wconf 90' lang='lat' dir='ltr'><strong>meumque</strong></span> <span class='ocrx_word' id='word_1_42' title='bbox 568 1066 603 1130; x_wconf 94' lang='lat' dir='ltr'><strong>in</strong></span> <span class='ocrx_word' id='word_1_43' title='bbox 635 1089 728 1130; x_wconf 92' lang='lat' dir='ltr'><strong>usum</strong></span> <span class='ocrx_word' id='word_1_44' title='bbox 753 1066 885 1131; x_wconf 87' lang='lat' dir='ltr'><strong>comiter</strong></span> <span class='ocrx_word' id='word_1_45' title='bbox 909 1066 1108 1151; x_wconf 80' lang='lat' dir='ltr'><strong>descripserit</strong></span> <span class='ocrx_word' id='word_1_46' title='bbox 1130 1068 1230 1153; x_wconf 89' lang='lat' dir='ltr'><strong>ipsius</strong></span> <span class='ocrx_word' id='word_1_47' title='bbox 1253 1070 1378 1136; x_wconf 87' lang='lat' dir='ltr'><strong>Heinsii</strong></span> 
     </span>
     <span class='ocr_line' id='line_1_7' title="bbox 179 1188 1376 1274; baseline 0.007 -23"><span class='ocrx_word' id='word_1_48' title='bbox 179 1188 306 1253; x_wconf 90' lang='lat' dir='ltr'><strong>illorum</strong></span> <span class='ocrx_word' id='word_1_49' title='bbox 339 1190 429 1255; x_wconf 90' lang='lat' dir='ltr'><strong>codd.</strong></span> <span class='ocrx_word' id='word_1_50' title='bbox 463 1189 668 1271; x_wconf 78' lang='lat' dir='ltr'><strong>collationes,</strong></span> <span class='ocrx_word' id='word_1_51' title='bbox 701 1188 835 1273; x_wconf 81' lang='lat' dir='ltr'><strong>scriptas</strong></span> <span class='ocrx_word' id='word_1_52' title='bbox 862 1188 897 1252; x_wconf 92' lang='lat' dir='ltr'><strong>in</strong></span> <span class='ocrx_word' id='word_1_53' title='bbox 921 1189 1066 1272; x_wconf 84' lang='lat' dir='ltr'><strong>margine</strong></span> <span class='ocrx_word' id='word_1_54' title='bbox 1089 1190 1278 1274; x_wconf 88' lang='lat' dir='ltr'><strong>exemplaris</strong></span> <span class='ocrx_word' id='word_1_55' title='bbox 1301 1193 1376 1260; x_wconf 88' lang='lat' dir='ltr'><strong>edit.</strong></span> 
     </span>
     <span class='ocr_line' id='line_1_8' title="bbox 183 1308 1375 1397; baseline 0.003 -23"><span class='ocrx_word' id='word_1_56' title='bbox 183 1309 275 1374; x_wconf 91' lang='lat' dir='ltr'><strong>Ouid.</strong></span> <span class='ocrx_word' id='word_1_57' title='bbox 288 1310 423 1376; x_wconf 77' lang='lat' dir='ltr'><strong>Elaeuir.</strong></span> <span class='ocrx_word' id='word_1_58' title='bbox 440 1311 527 1375; x_wconf 82' lang='grc'>1629</span> <span class='ocrx_word' id='word_1_59' title='bbox 540 1308 641 1396; x_wconf 80' lang='lat' dir='ltr'><strong>(Dion.</strong></span> <span class='ocrx_word' id='word_1_60' title='bbox 652 1318 695 1379; x_wconf 73' lang='lat' dir='ltr'><strong>a.</strong></span> <span class='ocrx_word' id='word_1_61' title='bbox 707 1311 809 1397; x_wconf 79' lang='lat'>1068)</span> <span class='ocrx_word' id='word_1_62' title='bbox 822 1310 881 1374; x_wconf 91' lang='lat' dir='ltr'><strong>sub</strong></span> <span class='ocrx_word' id='word_1_63' title='bbox 896 1310 1011 1374; x_wconf 88' lang='lat' dir='ltr'><strong>litteris</strong></span> <span class='ocrx_word' id='word_1_64' title='bbox 1024 1310 1375 1395; x_wconf 70' lang='lat' dir='ltr'><strong>deincepsA.B‚1⁴&#39;,G.</strong></span> 
     </span>
    </p>

    <p class='ocr_par' dir='ltr' id='par_1_3' title="bbox 181 1431 1377 1760">
     <span class='ocr_line' id='line_1_9' title="bbox 226 1431 1377 1518; baseline 0.002 -22"><span class='ocrx_word' id='word_1_65' title='bbox 226 1432 267 1496; x_wconf 92' lang='lat' dir='ltr'><strong>In</strong></span> <span class='ocrx_word' id='word_1_66' title='bbox 290 1433 426 1497; x_wconf 84' lang='lat' dir='ltr'><strong>citandis</strong></span> <span class='ocrx_word' id='word_1_67' title='bbox 449 1436 556 1497; x_wconf 87' lang='lat' dir='ltr'><strong>autem</strong></span> <span class='ocrx_word' id='word_1_68' title='bbox 581 1433 645 1497; x_wconf 88' lang='lat' dir='ltr'><strong>illis</strong></span> <span class='ocrx_word' id='word_1_69' title='bbox 670 1431 794 1496; x_wconf 87' lang='lat' dir='ltr'><strong>Heinsii</strong></span> <span class='ocrx_word' id='word_1_70' title='bbox 819 1433 998 1511; x_wconf 84' lang='lat' dir='ltr'><strong>codicibus,</strong></span> <span class='ocrx_word' id='word_1_71' title='bbox 1024 1433 1165 1518; x_wconf 91' lang='lat' dir='ltr'><strong>quinon</strong></span> <span class='ocrx_word' id='word_1_72' title='bbox 1186 1434 1377 1498; x_wconf 90' lang='lat' dir='ltr'><strong>nominatim</strong></span> 
     </span>
     <span class='ocr_line' id='line_1_10' title="bbox 182 1553 1377 1641; baseline 0.003 -25"><span class='ocrx_word' id='word_1_73' title='bbox 182 1553 223 1616; x_wconf 87' lang='lat' dir='ltr'><strong>ab</strong></span> <span class='ocrx_word' id='word_1_74' title='bbox 247 1574 283 1618; x_wconf 93' lang='lat' dir='ltr'><strong>eo</strong></span> <span class='ocrx_word' id='word_1_75' title='bbox 304 1553 495 1633; x_wconf 87' lang='lat' dir='ltr'><strong>laudantur,</strong></span> <span class='ocrx_word' id='word_1_76' title='bbox 516 1557 689 1639; x_wconf 87' lang='lat' dir='ltr'><strong>praeeunte</strong></span> <span class='ocrx_word' id='word_1_77' title='bbox 707 1553 831 1618; x_wconf 89' lang='lat' dir='ltr'><strong>Kornio</strong></span> <span class='ocrx_word' id='word_1_78' title='bbox 852 1555 900 1639; x_wconf 84' lang='lat' dir='ltr'><strong>(in</strong></span> <span class='ocrx_word' id='word_1_79' title='bbox 919 1553 994 1619; x_wconf 92' lang='lat' dir='ltr'><strong>edit.</strong></span> <span class='ocrx_word' id='word_1_80' title='bbox 1017 1553 1110 1619; x_wconf 89' lang='lat' dir='ltr'><strong>Ouid.</strong></span> <span class='ocrx_word' id='word_1_81' title='bbox 1124 1576 1194 1639; x_wconf 88' lang='lat' dir='ltr'><strong>epp.</strong></span> <span class='ocrx_word' id='word_1_82' title='bbox 1208 1577 1246 1619; x_wconf 88' lang='lat' dir='ltr'><strong>ex</strong></span> <span class='ocrx_word' id='word_1_83' title='bbox 1258 1555 1377 1641; x_wconf 86' lang='lat' dir='ltr'><strong>Ponto)</strong></span> 
     </span>
     <span class='ocr_line' id='line_1_11' title="bbox 181 1675 602 1760; baseline 0.005 -22"><span class='ocrx_word' id='word_1_84' title='bbox 181 1677 255 1738; x_wconf 88' lang='lat' dir='ltr'><strong>utar</strong></span> <span class='ocrx_word' id='word_1_85' title='bbox 278 1675 474 1760; x_wconf 89' lang='lat' dir='ltr'><strong>compendiis</strong></span> <span class='ocrx_word' id='word_1_86' title='bbox 497 1675 602 1740; x_wconf 89' lang='lat' dir='ltr'><strong>hisce:</strong></span> 
     </span>
    </p>
   </div>
   <div class='ocr_carea' id='block_1_3' title="bbox 226 1767 1204 1876">
    <p class='ocr_par' dir='ltr' id='par_1_4' title="bbox 226 1767 1204 1876">
     <span class='ocr_line' id='line_1_12' title="bbox 226 1767 1204 1876; baseline 0.007 -19"><span class='ocrx_word' id='word_1_87' title='bbox 226 1796 467 1876; x_wconf 62' lang='lat' dir='ltr'><strong>p=nonnulli</strong></span> <span class='ocrx_word' id='word_1_88' title='bbox 490 1797 581 1860; x_wconf 90' lang='lat' dir='ltr'><strong>codd.</strong></span> <span class='ocrx_word' id='word_1_89' title='bbox 606 1797 647 1860; x_wconf 86' lang='lat' dir='ltr'><strong>ab</strong></span> <span class='ocrx_word' id='word_1_90' title='bbox 672 1796 805 1861; x_wconf 88' lang='lat' dir='ltr'><strong>Heinsio</strong></span> <span class='ocrx_word' id='word_1_91' title='bbox 829 1796 897 1860; x_wconf 92' lang='lat' dir='ltr'><strong>sine</strong></span> <span class='ocrx_word' id='word_1_92' title='bbox 920 1767 1050 1861; x_wconf 89' lang='lat' dir='ltr'><strong>nomine</strong></span> <span class='ocrx_word' id='word_1_93' title='bbox 1073 1797 1204 1864; x_wconf 87' lang='lat' dir='ltr'><strong>laudati.</strong></span> 
     </span>
    </p>
   </div>
   <div class='ocr_carea' id='block_1_4' title="bbox 178 1916 1377 4316">
    <p class='ocr_par' dir='ltr' id='par_1_5' title="bbox 227 1916 1377 2003">
     <span class='ocr_line' id='line_1_13' title="bbox 227 1916 1377 2003; baseline 0.005 -23"><span class='ocrx_word' id='word_1_94' title='bbox 227 1943 247 1980; x_wconf 83' lang='grc' dir='ltr'>ω</span> <span class='ocrx_word' id='word_1_95' title='bbox 260 1916 442 2002; x_wconf 81' lang='lat' dir='ltr'><strong>:plurimi</strong></span> <span class='ocrx_word' id='word_1_96' title='bbox 476 1917 528 1981; x_wconf 91' lang='lat' dir='ltr'><strong>uel</strong></span> <span class='ocrx_word' id='word_1_97' title='bbox 559 1938 670 1980; x_wconf 91' lang='lat' dir='ltr'><strong>omnes</strong></span> <span class='ocrx_word' id='word_1_98' title='bbox 698 1919 790 1982; x_wconf 91' lang='lat' dir='ltr'><strong>codd.</strong></span> <span class='ocrx_word' id='word_1_99' title='bbox 816 1917 970 2003; x_wconf 39' lang='grc' dir='ltr'><strong>ΙΞΗ11111111,</strong></span> <span class='ocrx_word' id='word_1_100' title='bbox 1003 1939 1140 2002; x_wconf 88' lang='lat' dir='ltr'><strong>quorum</strong></span> <span class='ocrx_word' id='word_1_101' title='bbox 1163 1920 1296 1985; x_wconf 90' lang='lat' dir='ltr'><strong>nomina</strong></span> <span class='ocrx_word' id='word_1_102' title='bbox 1319 1944 1377 1986; x_wconf 89' lang='lat' dir='ltr'><strong>ne-</strong></span> 
     </span>
    </p>

    <p class='ocr_par' dir='ltr' id='par_1_6' title="bbox 270 2039 423 2106">
     <span class='ocr_line' id='line_1_14' title="bbox 270 2039 423 2106; baseline 0.013 -3"><span class='ocrx_word' id='word_1_103' title='bbox 270 2039 423 2106; x_wconf 84' lang='lat' dir='ltr'><strong>sciuntur.</strong></span> 
     </span>
    </p>

    <p class='ocr_par' dir='ltr' id='par_1_7' title="bbox 227 2159 1376 2248">
     <span class='ocr_line' id='line_1_15' title="bbox 227 2159 1376 2248; baseline 0.004 -24"><span class='ocrx_word' id='word_1_104' title='bbox 227 2160 396 2226; x_wconf 86' lang='lat' dir='ltr'><strong>Accedunt</strong></span> <span class='ocrx_word' id='word_1_105' title='bbox 419 2159 469 2224; x_wconf 91' lang='lat' dir='ltr'><strong>his</strong></span> <span class='ocrx_word' id='word_1_106' title='bbox 481 2160 643 2226; x_wconf 89' lang='lat' dir='ltr'><strong>codicibus</strong></span> <span class='ocrx_word' id='word_1_107' title='bbox 656 2161 811 2226; x_wconf 87' lang='lat' dir='ltr'><strong>editiones</strong></span> <span class='ocrx_word' id='word_1_108' title='bbox 824 2160 1000 2226; x_wconf 87' lang='lat' dir='ltr'><strong>Ouidianae</strong></span> <span class='ocrx_word' id='word_1_109' title='bbox 1012 2163 1172 2248; x_wconf 86' lang='lat' dir='ltr'><strong>principes</strong></span> <span class='ocrx_word' id='word_1_110' title='bbox 1182 2164 1376 2229; x_wconf 76' lang='lat' dir='ltr'><strong>rarissimaet</strong></span> 
     </span>
    </p>

    <p class='ocr_par' dir='ltr' id='par_1_8' title="bbox 178 2281 1376 2975">
     <span class='ocr_line' id='line_1_16' title="bbox 226 2281 1376 2370; baseline 0.004 -25"><span class='ocrx_word' id='word_1_111' title='bbox 226 2283 289 2368; x_wconf 67' lang='lat'><strong>131)</strong></span> <span class='ocrx_word' id='word_1_112' title='bbox 313 2283 409 2347; x_wconf 88' lang='lat' dir='ltr'><strong>editio</strong></span> <span class='ocrx_word' id='word_1_113' title='bbox 434 2281 526 2348; x_wconf 90' lang='lat' dir='ltr'><strong>Ouid.</strong></span> <span class='ocrx_word' id='word_1_114' title='bbox 549 2283 651 2366; x_wconf 91' lang='lat' dir='ltr'><strong>princ.</strong></span> <span class='ocrx_word' id='word_1_115' title='bbox 676 2282 890 2347; x_wconf 87' lang='lat' dir='ltr'><strong>Bononiensis</strong></span> <span class='ocrx_word' id='word_1_116' title='bbox 910 2306 961 2348; x_wconf 87' lang='lat' dir='ltr'><strong>an.</strong></span> <span class='ocrx_word' id='word_1_117' title='bbox 985 2284 1090 2362; x_wconf 82' lang='lat'>1471,</span> <span class='ocrx_word' id='word_1_118' title='bbox 1111 2285 1150 2348; x_wconf 92' lang='lat' dir='ltr'><strong>de</strong></span> <span class='ocrx_word' id='word_1_119' title='bbox 1170 2307 1232 2368; x_wconf 91' lang='lat' dir='ltr'><strong>qua</strong></span> <span class='ocrx_word' id='word_1_120' title='bbox 1251 2287 1376 2370; x_wconf 91' lang='lat' dir='ltr'><strong>copiose</strong></span> 
     </span>
     <span class='ocr_line' id='line_1_17' title="bbox 181 2379 1376 2489; baseline 0.003 -21"><span class='ocrx_word' id='word_1_121' title='bbox 181 2404 248 2489; x_wconf 80' lang='lat' dir='ltr'><strong>egIt</strong></span> <span class='ocrx_word' id='word_1_122' title='bbox 269 2404 310 2470; x_wconf 83' lang='lat' dir='ltr'><strong>A.</strong></span> <span class='ocrx_word' id='word_1_123' title='bbox 335 2403 450 2480; x_wconf 78' lang='lat' dir='ltr'><strong>Kurra,</strong></span> <span class='ocrx_word' id='word_1_124' title='bbox 473 2405 512 2469; x_wconf 88' lang='lat' dir='ltr'><strong>de</strong></span> <span class='ocrx_word' id='word_1_125' title='bbox 535 2403 628 2470; x_wconf 90' lang='lat' dir='ltr'><strong>Ouid.</strong></span> <span class='ocrx_word' id='word_1_126' title='bbox 654 2405 735 2470; x_wconf 88' lang='lat' dir='ltr'><strong>med.</strong></span> <span class='ocrx_word' id='word_1_127' title='bbox 761 2404 820 2470; x_wconf 89' lang='lat' dir='ltr'><strong>fac.</strong></span> <span class='ocrx_word' id='word_1_128' title='bbox 845 2428 876 2489; x_wconf 94' lang='lat' dir='ltr'><strong>p.</strong></span> <span class='ocrx_word' id='word_1_129' title='bbox 903 2406 960 2479; x_wconf 86' lang='lat'><strong>21;</strong></span> <span class='ocrx_word' id='word_1_130' title='bbox 986 2407 1027 2470; x_wconf 88' lang='lat'><strong>32</strong></span> <span class='ocrx_word' id='word_1_131' title='bbox 1041 2379 1088 2489; x_wconf 83' lang='lat' dir='ltr'><strong>sq.</strong></span> <span class='ocrx_word' id='word_1_132' title='bbox 1121 2405 1161 2470; x_wconf 91' lang='lat' dir='ltr'><strong>In</strong></span> <span class='ocrx_word' id='word_1_133' title='bbox 1180 2429 1217 2471; x_wconf 91' lang='lat' dir='ltr'><strong>ea</strong></span> <span class='ocrx_word' id='word_1_134' title='bbox 1236 2407 1376 2472; x_wconf 88' lang='lat' dir='ltr'><strong>editione</strong></span> 
     </span>
     <span class='ocr_line' id='line_1_18' title="bbox 180 2523 1375 2611; baseline 0.003 -21"><span class='ocrx_word' id='word_1_135' title='bbox 180 2523 300 2610; x_wconf 84' lang='lat' dir='ltr'><strong>Sapph.</strong></span> <span class='ocrx_word' id='word_1_136' title='bbox 337 2548 384 2610; x_wconf 90' lang='lat' dir='ltr'><strong>ep.</strong></span> <span class='ocrx_word' id='word_1_137' title='bbox 419 2526 486 2591; x_wconf 89' lang='lat' dir='ltr'><strong>sine</strong></span> <span class='ocrx_word' id='word_1_138' title='bbox 517 2526 582 2590; x_wconf 90' lang='lat' dir='ltr'><strong>ulla</strong></span> <span class='ocrx_word' id='word_1_139' title='bbox 612 2525 821 2610; x_wconf 84' lang='lat' dir='ltr'><strong>inscriptione</strong></span> <span class='ocrx_word' id='word_1_140' title='bbox 853 2526 904 2590; x_wconf 91' lang='lat' dir='ltr'><strong>uel</strong></span> <span class='ocrx_word' id='word_1_141' title='bbox 937 2527 1167 2611; x_wconf 88' lang='lat' dir='ltr'><strong>subscriptione</strong></span> <span class='ocrx_word' id='word_1_142' title='bbox 1199 2526 1375 2593; x_wconf 91' lang='lat' dir='ltr'><strong>Heroidum</strong></span> 
     </span>
     <span class='ocr_line' id='line_1_19' title="bbox 178 2644 1374 2733; baseline 0.003 -22"><span class='ocrx_word' id='word_1_143' title='bbox 178 2668 310 2712; x_wconf 89' lang='lat' dir='ltr'><strong>numero</strong></span> <span class='ocrx_word' id='word_1_144' title='bbox 341 2651 389 2712; x_wconf 85' lang='lat' dir='ltr'><strong>est</strong></span> <span class='ocrx_word' id='word_1_145' title='bbox 423 2647 610 2732; x_wconf 86' lang='lat' dir='ltr'><strong>postposita.</strong></span> <span class='ocrx_word' id='word_1_146' title='bbox 635 2644 808 2730; x_wconf 82' lang='lat' dir='ltr'><strong>Exemplar</strong></span> <span class='ocrx_word' id='word_1_147' title='bbox 830 2645 924 2712; x_wconf 87' lang='lat' dir='ltr'><strong>huius</strong></span> <span class='ocrx_word' id='word_1_148' title='bbox 947 2647 1096 2712; x_wconf 85' lang='lat' dir='ltr'><strong>editionis</strong></span> <span class='ocrx_word' id='word_1_149' title='bbox 1119 2670 1200 2733; x_wconf 89' lang='lat' dir='ltr'><strong>quae</strong></span> <span class='ocrx_word' id='word_1_150' title='bbox 1224 2652 1374 2714; x_wconf 87' lang='lat' dir='ltr'><strong>adserua-</strong></span> 
     </span>
     <span class='ocr_line' id='line_1_20' title="bbox 178 2767 1373 2855; baseline 0.004 -23"><span class='ocrx_word' id='word_1_151' title='bbox 178 2773 232 2833; x_wconf 85' lang='lat' dir='ltr'><strong>tur</strong></span> <span class='ocrx_word' id='word_1_152' title='bbox 274 2768 426 2833; x_wconf 88' lang='lat' dir='ltr'><strong>Londinii</strong></span> <span class='ocrx_word' id='word_1_153' title='bbox 468 2769 504 2832; x_wconf 87' lang='lat' dir='ltr'><strong>in</strong></span> <span class='ocrx_word' id='word_1_154' title='bbox 539 2768 649 2833; x_wconf 89' lang='lat' dir='ltr'><strong>Museo</strong></span> <span class='ocrx_word' id='word_1_155' title='bbox 685 2767 885 2833; x_wconf 86' lang='lat' dir='ltr'><strong>Brittannico</strong></span> <span class='ocrx_word' id='word_1_156' title='bbox 922 2767 1107 2855; x_wconf 75' lang='lat' dir='ltr'><strong>(Grceauille</strong></span> <span class='ocrx_word' id='word_1_157' title='bbox 1148 2769 1310 2837; x_wconf 82' lang='lat' dir='ltr'><strong>Collectiou</strong></span> <span class='ocrx_word' id='word_1_158' title='bbox 1341 2797 1373 2837; x_wconf 82' lang='grc'><strong>11.</strong></span> 
     </span>
     <span class='ocr_line' id='line_1_21' title="bbox 182 2889 1236 2975; baseline 0.002 -22"><span class='ocrx_word' id='word_1_159' title='bbox 182 2889 371 2974; x_wconf 85' lang='grc'>10035-6)</span> <span class='ocrx_word' id='word_1_160' title='bbox 396 2889 533 2954; x_wconf 88' lang='lat' dir='ltr'><strong>officiose</strong></span> <span class='ocrx_word' id='word_1_161' title='bbox 556 2911 661 2953; x_wconf 89' lang='lat' dir='ltr'><strong>meum</strong></span> <span class='ocrx_word' id='word_1_162' title='bbox 686 2889 722 2952; x_wconf 92' lang='lat' dir='ltr'><strong>in</strong></span> <span class='ocrx_word' id='word_1_163' title='bbox 746 2911 840 2954; x_wconf 88' lang='lat' dir='ltr'><strong>usum</strong></span> <span class='ocrx_word' id='word_1_164' title='bbox 864 2890 1031 2975; x_wconf 89' lang='lat' dir='ltr'><strong>descripsit</strong></span> <span class='ocrx_word' id='word_1_165' title='bbox 1053 2891 1079 2957; x_wconf 96' lang='lat' dir='ltr'><strong>I.</strong></span> <span class='ocrx_word' id='word_1_166' title='bbox 1103 2891 1236 2956; x_wconf 89' lang='lat' dir='ltr'><strong>Kemke.</strong></span> 
     </span>
    </p>

    <p class='ocr_par' dir='ltr' id='par_1_9' title="bbox 178 3011 1375 3565">
     <span class='ocr_line' id='line_1_22' title="bbox 224 3011 1375 3098; baseline 0.003 -22"><span class='ocrx_word' id='word_1_167' title='bbox 224 3014 252 3096; x_wconf 86' lang='grc' dir='ltr'><strong>ρ)</strong></span> <span class='ocrx_word' id='word_1_168' title='bbox 275 3012 372 3076; x_wconf 87' lang='lat' dir='ltr'><strong>editio</strong></span> <span class='ocrx_word' id='word_1_169' title='bbox 393 3011 486 3078; x_wconf 89' lang='lat' dir='ltr'><strong>Ouid.</strong></span> <span class='ocrx_word' id='word_1_170' title='bbox 507 3012 609 3096; x_wconf 89' lang='lat' dir='ltr'><strong>princ.</strong></span> <span class='ocrx_word' id='word_1_171' title='bbox 630 3011 777 3076; x_wconf 84' lang='lat' dir='ltr'><strong>Romana</strong></span> <span class='ocrx_word' id='word_1_172' title='bbox 796 3033 848 3074; x_wconf 90' lang='lat' dir='ltr'><strong>an.</strong></span> <span class='ocrx_word' id='word_1_173' title='bbox 864 3011 970 3090; x_wconf 80' lang='lat'>1471,</span> <span class='ocrx_word' id='word_1_174' title='bbox 990 3013 1029 3076; x_wconf 90' lang='lat' dir='ltr'><strong>de</strong></span> <span class='ocrx_word' id='word_1_175' title='bbox 1049 3034 1112 3096; x_wconf 89' lang='lat' dir='ltr'><strong>qua</strong></span> <span class='ocrx_word' id='word_1_176' title='bbox 1124 3012 1164 3077; x_wconf 88' lang='lat' dir='ltr'><strong>cf.</strong></span> <span class='ocrx_word' id='word_1_177' title='bbox 1178 3012 1375 3098; x_wconf 82' lang='lat' dir='ltr'><strong>Sedlmayer,</strong></span> 
     </span>
     <span class='ocr_line' id='line_1_23' title="bbox 178 3131 1374 3220; baseline 0.003 -22"><span class='ocrx_word' id='word_1_178' title='bbox 178 3134 291 3215; x_wconf 89' lang='lat' dir='ltr'><strong>(Proll.</strong></span> <span class='ocrx_word' id='word_1_179' title='bbox 316 3157 347 3218; x_wconf 90' lang='lat' dir='ltr'><strong>p.</strong></span> <span class='ocrx_word' id='word_1_180' title='bbox 374 3132 532 3220; x_wconf 83' lang='lat'><strong>25-27),</strong></span> <span class='ocrx_word' id='word_1_181' title='bbox 556 3133 608 3198; x_wconf 93' lang='lat' dir='ltr'><strong>cui</strong></span> <span class='ocrx_word' id='word_1_182' title='bbox 630 3136 812 3198; x_wconf 87' lang='lat' dir='ltr'><strong>accuratam</strong></span> <span class='ocrx_word' id='word_1_183' title='bbox 836 3131 929 3197; x_wconf 91' lang='lat' dir='ltr'><strong>huius</strong></span> <span class='ocrx_word' id='word_1_184' title='bbox 953 3133 1054 3217; x_wconf 88' lang='lat' dir='ltr'><strong>partis</strong></span> <span class='ocrx_word' id='word_1_185' title='bbox 1077 3134 1151 3198; x_wconf 93' lang='lat' dir='ltr'><strong>libri</strong></span> <span class='ocrx_word' id='word_1_186' title='bbox 1170 3135 1374 3201; x_wconf 84' lang='lat' dir='ltr'><strong>collationem</strong></span> 
     </span>
     <span class='ocr_line' id='line_1_24' title="bbox 179 3254 1374 3341; baseline 0.003 -22"><span class='ocrx_word' id='word_1_187' title='bbox 179 3255 287 3321; x_wconf 80' lang='lat' dir='ltr'><strong>debeo,</strong></span> <span class='ocrx_word' id='word_1_188' title='bbox 322 3255 442 3341; x_wconf 82' lang='lat' dir='ltr'><strong>Sapph.</strong></span> <span class='ocrx_word' id='word_1_189' title='bbox 466 3277 515 3339; x_wconf 92' lang='lat' dir='ltr'><strong>op.</strong></span> <span class='ocrx_word' id='word_1_190' title='bbox 539 3255 574 3319; x_wconf 90' lang='lat' dir='ltr'><strong>in</strong></span> <span class='ocrx_word' id='word_1_191' title='bbox 599 3277 636 3319; x_wconf 85' lang='lat' dir='ltr'><strong>ea</strong></span> <span class='ocrx_word' id='word_1_192' title='bbox 659 3257 707 3319; x_wconf 90' lang='lat' dir='ltr'><strong>est</strong></span> <span class='ocrx_word' id='word_1_193' title='bbox 729 3254 815 3318; x_wconf 87' lang='lat' dir='ltr'><strong>inter</strong></span> <span class='ocrx_word' id='word_1_194' title='bbox 839 3254 992 3338; x_wconf 88' lang='lat' dir='ltr'><strong>epistulas</strong></span> <span class='ocrx_word' id='word_1_195' title='bbox 1015 3278 1054 3320; x_wconf 87' lang='lat' dir='ltr'><strong>ex</strong></span> <span class='ocrx_word' id='word_1_196' title='bbox 1077 3256 1182 3320; x_wconf 92' lang='lat' dir='ltr'><strong>Ponto</strong></span> <span class='ocrx_word' id='word_1_197' title='bbox 1207 3258 1239 3320; x_wconf 89' lang='lat' dir='ltr'><strong>et</strong></span> <span class='ocrx_word' id='word_1_198' title='bbox 1260 3256 1374 3323; x_wconf 80' lang='lat' dir='ltr'><strong>Festos</strong></span> 
     </span>
     <span class='ocr_line' id='line_1_25' title="bbox 179 3376 1373 3464; baseline 0.003 -24"><span class='ocrx_word' id='word_1_199' title='bbox 179 3377 317 3454; x_wconf 83' lang='lat' dir='ltr'><strong>inserta,</strong></span> <span class='ocrx_word' id='word_1_200' title='bbox 349 3399 422 3442; x_wconf 91' lang='lat' dir='ltr'><strong>cum</strong></span> <span class='ocrx_word' id='word_1_201' title='bbox 445 3377 558 3442; x_wconf 85' lang='lat' dir='ltr'><strong>titulo:</strong></span> <span class='ocrx_word' id='word_1_202' title='bbox 584 3376 712 3464; x_wconf 78' lang='lat' dir='ltr'><strong>Sappho</strong></span> <span class='ocrx_word' id='word_1_203' title='bbox 736 3389 822 3441; x_wconf 71' lang='lat' dir='ltr'><strong>uates</strong></span> <span class='ocrx_word' id='word_1_204' title='bbox 846 3378 1017 3442; x_wconf 70' lang='lat' dir='ltr'><strong>clarissimo</strong></span> <span class='ocrx_word' id='word_1_205' title='bbox 1042 3381 1085 3442; x_wconf 86' lang='lat' dir='ltr'><strong>od</strong></span> <span class='ocrx_word' id='word_1_206' title='bbox 1108 3378 1270 3443; x_wconf 75' lang='lat' dir='ltr'><strong>Phaonem</strong></span> <span class='ocrx_word' id='word_1_207' title='bbox 1292 3381 1373 3444; x_wconf 70' lang='lat' dir='ltr'><strong>ectu·</strong></span> 
     </span>
     <span class='ocr_line' id='line_1_26' title="bbox 179 3498 531 3565; baseline 0.003 -3"><span class='ocrx_word' id='word_1_208' title='bbox 179 3498 242 3564; x_wconf 85' lang='lat' dir='ltr'><strong>lum</strong></span> <span class='ocrx_word' id='word_1_209' title='bbox 265 3501 329 3564; x_wconf 77' lang='lat' dir='ltr'><strong>eius</strong></span> <span class='ocrx_word' id='word_1_210' title='bbox 351 3512 531 3565; x_wconf 75' lang='lat' dir='ltr'><strong>amatorem.</strong></span> 
     </span>
    </p>

    <p class='ocr_par' dir='ltr' id='par_1_10' title="bbox 178 3617 1374 4316">
     <span class='ocr_line' id='line_1_27' title="bbox 225 3617 1372 3708; baseline 0.003 -24"><span class='ocrx_word' id='word_1_211' title='bbox 225 3617 354 3686; x_wconf 85' lang='lat' dir='ltr'><strong>Praeter</strong></span> <span class='ocrx_word' id='word_1_212' title='bbox 374 3622 424 3707; x_wconf 92' lang='lat' dir='ltr'><strong>B1</strong></span> <span class='ocrx_word' id='word_1_213' title='bbox 450 3625 482 3686; x_wconf 88' lang='lat' dir='ltr'><strong>et</strong></span> <span class='ocrx_word' id='word_1_214' title='bbox 505 3645 537 3702; x_wconf 86' lang='grc' dir='ltr'><strong>ρ,</strong></span> <span class='ocrx_word' id='word_1_215' title='bbox 563 3620 718 3686; x_wconf 85' lang='lat' dir='ltr'><strong>editiones</strong></span> <span class='ocrx_word' id='word_1_216' title='bbox 741 3622 854 3707; x_wconf 81' lang='lat' dir='ltr'><strong>princ,</strong></span> <span class='ocrx_word' id='word_1_217' title='bbox 875 3621 952 3688; x_wconf 88' lang='lat' dir='ltr'><strong>alias</strong></span> <span class='ocrx_word' id='word_1_218' title='bbox 973 3644 1100 3708; x_wconf 92' lang='lat' dir='ltr'><strong>quoque</strong></span> <span class='ocrx_word' id='word_1_219' title='bbox 1119 3623 1272 3688; x_wconf 89' lang='lat' dir='ltr'><strong>editiones</strong></span> <span class='ocrx_word' id='word_1_220' title='bbox 1284 3626 1372 3688; x_wconf 87' lang='lat' dir='ltr'><strong>uete-</strong></span> 
     </span>
     <span class='ocr_line' id='line_1_28' title="bbox 179 3741 1374 3827; baseline 0.003 -22"><span class='ocrx_word' id='word_1_221' title='bbox 179 3762 228 3806; x_wconf 86' lang='lat' dir='ltr'><strong>res</strong></span> <span class='ocrx_word' id='word_1_222' title='bbox 251 3741 396 3806; x_wconf 86' lang='lat' dir='ltr'><strong>conferre</strong></span> <span class='ocrx_word' id='word_1_223' title='bbox 419 3741 527 3807; x_wconf 89' lang='lat' dir='ltr'><strong>studui</strong></span> <span class='ocrx_word' id='word_1_224' title='bbox 550 3741 746 3826; x_wconf 84' lang='lat' dir='ltr'><strong>complures3</strong></span> <span class='ocrx_word' id='word_1_225' title='bbox 768 3743 806 3807; x_wconf 92' lang='lat' dir='ltr'><strong>de</strong></span> <span class='ocrx_word' id='word_1_226' title='bbox 825 3765 961 3827; x_wconf 92' lang='lat' dir='ltr'><strong>quarum</strong></span> <span class='ocrx_word' id='word_1_227' title='bbox 980 3747 1089 3808; x_wconf 88' lang='lat' dir='ltr'><strong>tamen</strong></span> <span class='ocrx_word' id='word_1_228' title='bbox 1108 3745 1374 3809; x_wconf 82' lang='lat' dir='ltr'><strong>externaratione</strong></span> 
     </span>
     <span class='ocr_line' id='line_1_29' title="bbox 180 3863 1373 3951; baseline 0.003 -24"><span class='ocrx_word' id='word_1_229' title='bbox 180 3866 212 3927; x_wconf 89' lang='lat' dir='ltr'><strong>et</strong></span> <span class='ocrx_word' id='word_1_230' title='bbox 247 3868 359 3929; x_wconf 87' lang='lat' dir='ltr'><strong>mutua</strong></span> <span class='ocrx_word' id='word_1_231' title='bbox 389 3864 474 3928; x_wconf 88' lang='lat' dir='ltr'><strong>inter</strong></span> <span class='ocrx_word' id='word_1_232' title='bbox 504 3885 536 3928; x_wconf 90' lang='lat' dir='ltr'><strong>se</strong></span> <span class='ocrx_word' id='word_1_233' title='bbox 568 3863 800 3928; x_wconf 88' lang='lat' dir='ltr'><strong>necessitudine</strong></span> <span class='ocrx_word' id='word_1_234' title='bbox 831 3887 886 3944; x_wconf 87' lang='lat' dir='ltr'><strong>ea,</strong></span> <span class='ocrx_word' id='word_1_235' title='bbox 917 3887 998 3951; x_wconf 88' lang='lat' dir='ltr'><strong>quae</strong></span> <span class='ocrx_word' id='word_1_236' title='bbox 1028 3865 1093 3929; x_wconf 88' lang='lat' dir='ltr'><strong>iam</strong></span> <span class='ocrx_word' id='word_1_237' title='bbox 1123 3865 1179 3929; x_wconf 90' lang='lat' dir='ltr'><strong>alii</strong></span> <span class='ocrx_word' id='word_1_238' title='bbox 1209 3905 1250 3914; x_wconf 97' lang='lat'>—</span> <span class='ocrx_word' id='word_1_239' title='bbox 1283 3865 1373 3932; x_wconf 85' lang='lat' dir='ltr'><strong>Sedl-</strong></span> 
     </span>
     <span class='ocr_line' id='line_1_30' title="bbox 181 3984 1370 4075; baseline 0.004 -28"><span class='ocrx_word' id='word_1_240' title='bbox 181 4006 290 4069; x_wconf 83' lang='lat' dir='ltr'><strong>mayer</strong></span> <span class='ocrx_word' id='word_1_241' title='bbox 312 3985 448 4050; x_wconf 86' lang='lat' dir='ltr'><strong>maxime</strong></span> <span class='ocrx_word' id='word_1_242' title='bbox 472 3984 584 4071; x_wconf 84' lang='lat' dir='ltr'><strong>(Proll.</strong></span> <span class='ocrx_word' id='word_1_243' title='bbox 608 4006 640 4069; x_wconf 94' lang='lat' dir='ltr'><strong>p.</strong></span> <span class='ocrx_word' id='word_1_244' title='bbox 667 3985 812 4066; x_wconf 79' lang='lat'>27-31)</span> <span class='ocrx_word' id='word_1_245' title='bbox 836 3988 869 4051; x_wconf 89' lang='lat' dir='ltr'><strong>et</strong></span> <span class='ocrx_word' id='word_1_246' title='bbox 890 3985 986 4052; x_wconf 81' lang='lat' dir='ltr'><strong>Kunz</strong></span> <span class='ocrx_word' id='word_1_247' title='bbox 1011 3986 1079 4072; x_wconf 92' lang='lat' dir='ltr'><strong>(l.l.</strong></span> <span class='ocrx_word' id='word_1_248' title='bbox 1107 4009 1139 4070; x_wconf 91' lang='lat' dir='ltr'><strong>p.</strong></span> <span class='ocrx_word' id='word_1_249' title='bbox 1165 3987 1206 4051; x_wconf 83' lang='lat'><strong>21</strong></span> <span class='ocrx_word' id='word_1_250' title='bbox 1221 3990 1305 4075; x_wconf 88' lang='lat' dir='ltr'><strong>sqq.)</strong></span> <span class='ocrx_word' id='word_1_251' title='bbox 1329 4026 1370 4036; x_wconf 94' lang='lat'><em>-</em></span> 
     </span>
     <span class='ocr_line' id='line_1_31' title="bbox 181 4106 1372 4194; baseline 0.005 -25"><span class='ocrx_word' id='word_1_252' title='bbox 181 4106 346 4186; x_wconf 84' lang='lat' dir='ltr'><strong>dixerunt,</strong></span> <span class='ocrx_word' id='word_1_253' title='bbox 372 4109 425 4173; x_wconf 84' lang='lat' dir='ltr'><strong>hic</strong></span> <span class='ocrx_word' id='word_1_254' title='bbox 447 4110 589 4192; x_wconf 88' lang='lat' dir='ltr'><strong>repetere</strong></span> <span class='ocrx_word' id='word_1_255' title='bbox 612 4106 739 4172; x_wconf 87' lang='lat' dir='ltr'><strong>uidetur</strong></span> <span class='ocrx_word' id='word_1_256' title='bbox 762 4130 1038 4194; x_wconf 85' lang='lat' dir='ltr'><strong>superuacaneum.</strong></span> <span class='ocrx_word' id='word_1_257' title='bbox 1076 4107 1190 4175; x_wconf 72' lang='lat' dir='ltr'><strong>citabo</strong></span> <span class='ocrx_word' id='word_1_258' title='bbox 1214 4113 1321 4175; x_wconf 83' lang='lat' dir='ltr'><strong>autem</strong></span> <span class='ocrx_word' id='word_1_259' title='bbox 1334 4132 1372 4175; x_wconf 88' lang='lat' dir='ltr'><strong>ex</strong></span> 
     </span>
     <span class='ocr_line' id='line_1_32' title="bbox 178 4226 1264 4316; baseline 0.003 -25"><span class='ocrx_word' id='word_1_260' title='bbox 178 4226 218 4292; x_wconf 93' lang='lat' dir='ltr'><strong>iis</strong></span> <span class='ocrx_word' id='word_1_261' title='bbox 241 4229 372 4294; x_wconf 89' lang='lat' dir='ltr'><strong>nonnisi</strong></span> <span class='ocrx_word' id='word_1_262' title='bbox 395 4251 447 4294; x_wconf 90' lang='lat' dir='ltr'><strong>eas</strong></span> <span class='ocrx_word' id='word_1_263' title='bbox 469 4228 638 4306; x_wconf 88' lang='lat' dir='ltr'><strong>lectiones,</strong></span> <span class='ocrx_word' id='word_1_264' title='bbox 662 4251 743 4313; x_wconf 90' lang='lat' dir='ltr'><strong>quae</strong></span> <span class='ocrx_word' id='word_1_265' title='bbox 766 4230 893 4295; x_wconf 83' lang='lat' dir='ltr'><strong>aliunde</strong></span> <span class='ocrx_word' id='word_1_266' title='bbox 917 4231 1065 4316; x_wconf 78' lang='lat' dir='ltr'><strong>cognitae</strong></span> <span class='ocrx_word' id='word_1_267' title='bbox 1088 4252 1155 4295; x_wconf 89' lang='lat' dir='ltr'><strong>non</strong></span> <span class='ocrx_word' id='word_1_268' title='bbox 1179 4235 1264 4296; x_wconf 90' lang='lat' dir='ltr'><strong>sunt.</strong></span> 
     </span>
    </p>
   </div>
   <div class='ocr_carea' id='block_1_5' title="bbox 182 4472 1372 4685">
    <p class='ocr_par' dir='ltr' id='par_1_11' title="bbox 182 4472 1372 4685">
     <span class='ocr_line' id='line_1_33' title="bbox 226 4472 1372 4564; baseline 0.002 -24"><span class='ocrx_word' id='word_1_269' title='bbox 226 4472 395 4543; x_wconf 88' lang='lat' dir='ltr'><strong>Librorum</strong></span> <span class='ocrx_word' id='word_1_270' title='bbox 418 4496 497 4564; x_wconf 84' lang='lat' dir='ltr'><strong>quos</strong></span> <span class='ocrx_word' id='word_1_271' title='bbox 520 4499 616 4563; x_wconf 88' lang='lat' dir='ltr'><strong>supra</strong></span> <span class='ocrx_word' id='word_1_272' title='bbox 635 4477 820 4543; x_wconf 88' lang='lat' dir='ltr'><strong>enumeraui</strong></span> <span class='ocrx_word' id='word_1_273' title='bbox 836 4478 978 4543; x_wconf 91' lang='lat' dir='ltr'><strong>omnium</strong></span> <span class='ocrx_word' id='word_1_274' title='bbox 998 4478 1061 4543; x_wconf 93' lang='lat' dir='ltr'><strong>duo</strong></span> <span class='ocrx_word' id='word_1_275' title='bbox 1081 4478 1280 4563; x_wconf 89' lang='lat' dir='ltr'><strong>potissimum</strong></span> <span class='ocrx_word' id='word_1_276' title='bbox 1294 4480 1372 4542; x_wconf 89' lang='lat' dir='ltr'><strong>sunt</strong></span> 
     </span>
     <span class='ocr_line' id='line_1_34' title="bbox 182 4597 1371 4685; baseline 0.003 -24"><span class='ocrx_word' id='word_1_277' title='bbox 182 4597 409 4684; x_wconf 83' lang='lat' dir='ltr'><strong>distinguenda</strong></span> <span class='ocrx_word' id='word_1_278' title='bbox 442 4621 578 4685; x_wconf 86' lang='lat' dir='ltr'><strong>genera,</strong></span> <span class='ocrx_word' id='word_1_279' title='bbox 614 4621 749 4684; x_wconf 90' lang='lat' dir='ltr'><strong>quorum</strong></span> <span class='ocrx_word' id='word_1_280' title='bbox 785 4601 921 4668; x_wconf 90' lang='lat' dir='ltr'><strong>alterum</strong></span> <span class='ocrx_word' id='word_1_281' title='bbox 952 4600 1098 4666; x_wconf 88' lang='lat' dir='ltr'><strong>continet</strong></span> <span class='ocrx_word' id='word_1_282' title='bbox 1126 4600 1225 4664; x_wconf 88' lang='lat' dir='ltr'><strong>libros</strong></span> <span class='ocrx_word' id='word_1_283' title='bbox 1258 4601 1371 4685; x_wconf 86' lang='lat' dir='ltr'><strong>poetae</strong></span> 
     </span>
    </p>
   </div>
   <div class='ocr_carea' id='block_1_6' title="bbox 0 0 1698 5346">
    <p class='ocr_par' dir='ltr' id='par_1_12' title="bbox 0 0 1698 5346">
     <span class='ocr_line' id='line_1_35' title="bbox 0 0 1698 5346; baseline 0 1"><span class='ocrx_word' id='word_1_284' title='bbox 0 0 1698 5346; x_wconf 95' lang='lat' dir='ltr'><strong> </strong></span> 
     </span>
    </p>
   </div>
  </div>
 </body>
</html>
