3380 5346
183 954 261 1023 ibid.
286 981 333 1025 us.
360 960 443 1025 183:

298 1080 417 1146 Incerti
440 1084 654 1170 clauduntque
677 1090 789 1153 domos
812 1089 1044 1176 strepitantque
1068 1111 1124 1174 per
1147 1090 1258 1155 urbem

186 1202 409 1290 corrigendum
433 1208 498 1270 est:
523 1207 746 1293 trepidantque
769 1232 826 1294 per
848 1211 969 1277 urbem.

749 1491 815 1565 XI.

188 1750 265 1817 ibid.
290 1773 338 1815 us.
367 1751 428 1814 115
453 1774 518 1836 sq.:

302 1871 486 1957 Erumpunt
509 1873 686 1959 iterumque
710 1875 822 1938 lauant
844 1875 1062 1960 gremiumque
1086 1877 1253 1960 sinusque,

347 1993 476 2059 Effusae
500 1996 642 2079 grauidis
664 1997 877 2081 uberibusque
900 1997 1000 2080 genis.

234 2114 309 2180 Non
342 2115 545 2180 sollicitanda
576 2120 625 2181 est
654 2118 750 2182 lectio
771 2121 914 2203 procidis
936 2121 1030 2204 penis.
1055 2117 1118 2184 Pro
1142 2121 1250 2186 lacent
1274 2124 1379 2184 autem

189 2259 227 2301 ex
250 2237 288 2302 R.
315 2242 364 2302 est
388 2239 619 2302 restituendum
641 2251 787 2323 praeeat.

739 2553 824 2627 XII.

190 2841 294 2909 Carm.
327 2848 366 2909 de
397 2845 506 2910 Ouidii
537 2846 605 2910 uita
637 2848 670 2910 et
693 2846 819 2929 scriptis
844 2844 899 2930 (Η.
924 2844 1058 2930 Hagen,
1084 2867 1179 2910 carm.
1206 2847 1287 2911 med.
1312 2865 1378 2908 aen.

188 2968 274 3031 ined.
299 2989 330 3052 p.
357 2968 421 3032 207
447 2969 531 3053 sqq.)
557 2989 619 3032 uss.
648 2968 689 3032 13
713 2988 801 3050 sqq:

393 3088 527 3152 Romam
551 3110 584 3152 se
607 3087 830 3164 transtulerat,
857 3091 894 3151 ut
916 3087 999 3151 inter
1023 3087 1158 3151 maiores

393 3208 523 3273 Famam
548 3209 609 3274 sibi
633 3212 815 3294 quaereret,
840 3208 990 3293 epistolas
1015 3209 1134 3293 priores

393 3329 526 3416 Scripsit
549 3332 618 3396 sine
641 3332 752 3414 titula,
779 3335 853 3416 post
876 3331 1002 3416 scripsit
1024 3332 1170 3397 Amores.

190 3458 331 3519 correcta
355 3453 614 3537 interpunctione
638 3455 807 3539 legendum
833 3459 899 3519 est:

396 3623 779 3644 ............
804 3576 967 3661 Epistulas
990 3576 1111 3660 priores

400 3698 552 3782 Scripsit,
578 3699 646 3762 sine
669 3698 764 3763 titulo
787 3702 862 3783 post
884 3698 1009 3782 scripsit
1031 3698 1175 3764 Amores.

737 3977 839 4052 XIII.

190 4285 335 4353 Frontin.
362 4285 460 4354 Strat.
485 4287 509 4351 I.
537 4287 614 4352 XII.
640 4288 676 4354 5:

236 4407 361 4490 Nolite,
395 4408 520 4493 inquit,
542 4408 676 4486 milltes,
703 4407 878 4492 trepidare3
903 4406 1160 4471 Lacedaemoniis
1184 4404 1383 4489 significatur

44 4542 48 4550 '
165 4514 167 4518 ¹
192 4530 350 4595 interitus.
387 4527 536 4614 Sepulera
560 4529 645 4593 enim
669 4529 834 4594 funeribus
857 4532 1023 4593 ornantur.

238 4650 301 4719 Pro
326 4671 502 4721 rvnnamvs
526 4651 728 4720 scribendum
753 4653 801 4716 est
824 4671 860 4715 in
884 4670 1072 4716 rrnnnmvs.
