3386 5346
746 392 791 456 63

167 578 237 662 ipsa
271 579 405 641 matrem
440 579 476 640 nt
511 575 714 660 superstitem
745 574 928 658 alloquitur.
961 571 1070 636 Fuisse
1102 566 1186 652 patri
1216 565 1363 650 Sapphus

168 721 286 764 nomen
310 698 640 783 Scamandronymnm
664 698 796 762 tradunt
819 696 912 760 nobis
936 693 1055 759 Herod.
1080 690 1122 755 II.
1147 687 1366 764 135‚Aelian.

167 821 210 887 V.
223 821 265 886 H.
279 821 352 887 XII.
368 821 426 899 19,
447 820 550 887 Schol.
573 820 656 884 Plat.
678 819 812 884 Phaedr.
834 842 865 903 p.
880 818 945 883 312
958 816 1014 882 Be.
1025 866 1033 896 ‚
1046 815 1159 882 Suidas
1173 834 1205 876 u.
1220 811 1365 896 Σαπφώ,

168 965 361 1028 quamquam
384 943 412 1007 is
436 943 499 1007 alia
517 964 643 1027 quoque
663 942 795 1005 nomina
813 941 880 1005 eius
900 944 1067 1006 enumerat
1088 942 1209 1025 septem
1224 938 1262 1026 ¹),
1283 930 1368 1026 quod

168 1064 387 1130 difficultatem
411 1065 487 1129 olim
510 1064 659 1150 praebuit
670 1064 755 1128 haud
768 1085 918 1148 paruam,
932 1064 1033 1127 donec
1044 1066 1215 1148 praeeunte
1227 1061 1259 1128 N
1260 1063 1331 1127 euio
1341 1061 1368 1151 ⁹)

168 1186 210 1252 A.
242 1185 385 1252 Schoene
417 1186 466 1272 (in
497 1187 767 1251 commentatione
799 1185 863 1250 iarn
896 1185 1019 1270 saepius
1052 1185 1103 1249 cit.
1138 1208 1170 1270 p.
1198 1185 1261 1250 737
1286 1192 1368 1270 sqq.)

168 1330 269 1373 unum
298 1329 410 1373 uerum
434 1329 499 1372 esse
523 1307 853 1392 Scamandronymum
877 1328 997 1371 nomen
1020 1305 1110 1371 nullo
1136 1305 1246 1370 relicto
1272 1306 1369 1371 dnbio

168 1429 310 1494 ostendit
331 1429 488 1515 simulque
512 1431 672 1514 quomodo
696 1434 800 1494 cetera
823 1429 880 1492 illa
906 1429 1038 1492 nomina
1063 1428 1167 1493 uarias
1191 1428 1232 1492 ob
1257 1449 1366 1493 causas

169 1552 349 1636 excogitata
373 1555 406 1616 et
429 1554 514 1636 apud
538 1551 667 1618 Suidam
692 1554 820 1636 recepta
843 1553 949 1615 essent
974 1551 1157 1635 explicauit.

215 1673 362 1738 Ceterum
386 1675 604 1737 adnotandum
629 1676 677 1738 est
700 1676 824 1757 praeter
847 1672 933 1736 hunc
953 1672 1059 1736 locum
1082 1694 1101 1735 a
1121 1671 1210 1736 nullo
1225 1676 1368 1737 ueterum

162 1795 360 1880 ¹scriptorum
391 1795 561 1880 quicquam
594 1797 632 1859 de
654 1797 857 1878 praematura
888 1793 944 1858 illa
968 1797 1071 1858 morte
1095 1794 1196 1878 patris
1221 1793 1369 1878 Sapphus

172 1916 264 1981 nobis
288 1917 382 1982 tradi.

215 2146 273 2213 Vs.
299 2148 352 2212 63.
386 2146 491 2211 Assrr
518 2167 611 2211 ruore
638 2167 763 2211 narras
790 2166 990 2211 uaaarmcrs
1015 2167 1135 2212 carrus
1150 2165 1273 2211 aucas.
1288 2145 1369 2213 Cum

170 2266 333 2334 Charaxus
354 2268 501 2354 Sapphus
521 2269 622 2333 frater
634 2269 832 2334 meretricem
844 2269 932 2333 illam
945 2291 1052 2334 amare
1065 2269 1223 2354 incipiens
1235 2291 1368 2354 eamque

169 2390 327 2455 redimens
339 2392 365 2476 ³)
398 2412 465 2455 non
497 2389 595 2455 fuerit
617 2391 729 2476 inops,
755 2392 808 2456 sed
832 2393 944 2476 postea
968 2393 1096 2455 demum
1121 2389 1225 2455 factus
1249 2390 1307 2468 sit,
1334 2393 1370 2454 ut

170 2514 203 2576 et
223 2534 270 2576 ns.
297 2512 357 2577 65:
382 2511 508 2576 Florus
532 2516 623 2600 inops
649 2550 690 2560 -
714 2512 893 2577 luculenter
916 2514 1020 2590 docet,
1047 2483 1135 2600 inope
1155 2534 1201 2578 us.
1218 2513 1261 2577 63
1282 2516 1369 2577 recte

170 2655 203 2698 se
237 2633 356 2698 habere
393 2657 459 2699 non
493 2638 599 2719 potest
634 2637 828 2719 apparetque
860 2635 893 2698 id
917 2656 976 2719 per
998 2634 1165 2699 scribentis
1189 2654 1369 2698 erroreme

168 2778 214 2820 us.
242 2755 284 2820 65
319 2755 383 2820 huo
418 2755 580 2840 migrasse.
615 2754 708 2831 Quod
742 2757 887 2821 uidentes
919 2757 983 2820 ianr
1015 2755 1109 2821 multi
1131 2759 1368 2841 proposuerunt

169 2877 386 2946 coniecturas:
411 2877 565 2943 Francius
591 2879 696 2943 uoluit
718 2902 822 2965 opens,
846 2881 933 2963 quod
961 2882 1069 2943 tamen
1088 2880 1222 2942 eandem
1237 2877 1278 2942 ob
1294 2899 1369 2942 oau-

170 3022 239 3065 sam
263 3003 360 3084 atqne
383 3003 473 3088 inops
497 3000 624 3064 admitti
648 3000 777 3085 nequit;
811 2999 1011 3065 Bronhhusio
1035 3000 1157 3085 placuit
1179 3021 1237 3086 pro
1261 3003 1366 3089 inops:

171 3145 297 3199 amoos,
312 3124 348 3185 at
358 3122 506 3206 repetitio
519 3122 575 3186 illa
588 3146 698 3187 amans
710 3158 726 3171 ·
739 3158 754 3171 -
768 3158 782 3171 -
796 3144 901 3186 amore
912 3121 1042 3186 ferenda
1056 3121 1188 3187 minime
1200 3125 1258 3186 est.
1271 3121 1370 3186 Bent-

151 3229 251 3308 ‘leius
277 3243 426 3307 audacter
450 3242 527 3307 satis
551 3242 704 3308 coniecit:
736 3241 863 3331 Carpsit
887 3266 958 3331 opes
981 3244 1085 3326 frater
1108 3279 1153 3291 —
1176 3243 1231 3307 sed
1254 3246 1287 3307 et
1309 3242 1371 3307 hoc

171 3366 250 3450 quin
280 3365 470 3449 recipiamus
493 3366 602 3430 obstat
625 3389 672 3430 us.
705 3365 765 3434 65:
789 3365 915 3430 Florus
940 3369 1030 3455 inops
1056 3403 1110 3432 —.
1135 3366 1247 3451 Neque
1259 3367 1369 3431 admo-

172 3491 248 3552 dum
283 3488 388 3573 placet
423 3487 640 3573 Oudendorpii
674 3488 871 3567 coniectura,
905 3492 994 3578 inope
1026 3489 1181 3554 mutantis
1211 3489 1246 3554 in
1268 3493 1369 3567 iners,

172 3631 365 3694 quamquam
401 3610 516 3674 rectior
550 3613 634 3675 certe
670 3613 726 3675 est.
763 3609 912 3675 Forsitan
948 3611 1111 3696 scripserit
1140 3614 1252 3696 poeta:
1278 3609 1370 3677 Arsit

172 3755 245 3796 moa
273 3733 383 3819 frater
417 3745 539 3797 meretr.
577 3756 599 3798 c.
626 3754 674 3798 o.:
712 3729 792 3797 Moe
823 3737 855 3797 et
877 3736 967 3822 inops
988 3733 1074 3799 inter
1099 3755 1132 3798 se
1156 3733 1312 3798 confundi
1334 3733 1370 3798 in

172 3853 332 3918 codicibus
367 3852 460 3918 facile
495 3856 662 3939 poterant,
699 3857 732 3919 et
762 3856 901 3940 optime,
935 3856 970 3919 ni
1000 3855 1110 3935 fallor,
1133 3855 1169 3920 in
1192 3856 1371 3921 enarranda

171 3974 270 4061 longa
304 3976 362 4041 illa
397 3977 594 4041 miseriarum
628 3976 706 4041 serie
742 3977 858 4042 dicitur
892 4001 963 4042 moc
998 3999 1056 4062 pro
1091 3979 1212 4055 deinde,
1247 3990 1369 4066 postca:

174 4099 401 4164 »Praematura
425 4103 526 4164 morte
550 4102 640 4184 pater
664 4099 742 4164 mihi
762 4103 810 4165 est
833 4099 1002 4184 abreptus,
1026 4121 1098 4165 moa
1118 4100 1251 4186 (deinde)
1272 4099 1371 4164 frater

172 4244 295 4288 summo
329 4222 437 4286 dolore
460 4225 492 4286 et
515 4222 666 4287 dedecore
689 4244 739 4287 me
763 4222 886 4301 affecit,
910 4235 939 4287 et
966 4221 1146 4287 accumulat
1168 4243 1255 4286 meas
1279 4243 1370 4286 curas

206 4447 234 4514 1)
251 4449 343 4508 Σίμων,
362 4446 507 4510 illudimus,
526 4448 667 4514 Ἠερόγιος,
686 4449 822 4512 ”Emesam
840 4452 932 4512 Σῆμος,
950 4449 1055 4512 Kaliour,
1073 4449 1210 4514 Ἔταρχος.

206 4531 235 4597 2)
251 4533 281 4581 In
298 4531 403 4582 editione
420 4532 546 4598 fragment.
566 4533 658 4600 Sapph.
675 4550 728 4600 pag.
748 4536 769 4584 l.

207 4615 232 4676 3)
250 4615 342 4664 Herod.
363 4614 399 4665 II.
418 4616 474 4665 135.
