<?xml version="1.0" encoding="UTF-8"?>
<!DOCTYPE html PUBLIC "-//W3C//DTD XHTML 1.0 Transitional//EN"
    "http://www.w3.org/TR/xhtml1/DTD/xhtml1-transitional.dtd">
<html xmlns="http://www.w3.org/1999/xhtml" xml:lang="en" lang="en">
 <head>
  <title>
</title>
<meta http-equiv="Content-Type" content="text/html;charset=utf-8" />
  <meta name='ocr-system' content='tesseract 3.04.00' />
  <meta name='ocr-capabilities' content='ocr_page ocr_carea ocr_par ocr_line ocrx_word'/>
</head>
<body>
  <div class='ocr_page' id='page_1' title='image "./epistvlasapphvs00vriegoog_0116.png"; bbox 0 0 3380 5346; ppageno 0'>
   <div class='ocr_carea' id='block_1_1' title="bbox 741 421 802 486">
    <p class='ocr_par' dir='ltr' id='par_1_1' title="bbox 741 421 802 486">
     <span class='ocr_line' id='line_1_1' title="bbox 741 421 802 486; baseline 0.049 -3"><span class='ocrx_word' id='word_1_1' title='bbox 741 421 802 486; x_wconf 87' lang='lat'>101</span> 
     </span>
    </p>
   </div>
   <div class='ocr_carea' id='block_1_2' title="bbox 174 597 1372 1178">
    <p class='ocr_par' dir='ltr' id='par_1_2' title="bbox 175 597 1369 691">
     <span class='ocr_line' id='line_1_2' title="bbox 175 597 1369 691; baseline 0.007 -28"><span class='ocrx_word' id='word_1_2' title='bbox 175 601 262 684; x_wconf 88' lang='lat' dir='ltr'>apud</span> <span class='ocrx_word' id='word_1_3' title='bbox 295 597 484 665; x_wconf 77' lang='lat' dir='ltr'>Strabonem</span> <span class='ocrx_word' id='word_1_4' title='bbox 520 601 579 667; x_wconf 92' lang='lat' dir='ltr'>IX.</span> <span class='ocrx_word' id='word_1_5' title='bbox 618 603 682 668; x_wconf 89' lang='lat'>380</span> <span class='ocrx_word' id='word_1_6' title='bbox 719 603 763 681; x_wconf 88' lang='lat'>(5.</span> <span class='ocrx_word' id='word_1_7' title='bbox 791 604 846 690; x_wconf 81' lang='lat'>14)</span> <span class='ocrx_word' id='word_1_8' title='bbox 877 607 1062 670; x_wconf 84' lang='lat' dir='ltr'>narrantem</span> <span class='ocrx_word' id='word_1_9' title='bbox 1095 606 1180 691; x_wconf 88' lang='lat' dir='ltr'>apud</span> <span class='ocrx_word' id='word_1_10' title='bbox 1212 605 1369 691; x_wconf 81' lang='lat' dir='ltr'>Pyrrham</span> 
     </span>
    </p>

    <p class='ocr_par' dir='ltr' id='par_1_3' title="bbox 174 719 1372 1178">
     <span class='ocr_line' id='line_1_3' title="bbox 174 719 1371 812; baseline 0.008 -28"><span class='ocrx_word' id='word_1_11' title='bbox 174 719 369 786; x_wconf 67' lang='lat' dir='ltr'><strong>Phthiotidis</strong></span> <span class='ocrx_word' id='word_1_12' title='bbox 391 723 651 806; x_wconf 90' lang='lat' dir='ltr'>promunturium</span> <span class='ocrx_word' id='word_1_13' title='bbox 675 727 752 789; x_wconf 85' lang='lat' dir='ltr'>duas</span> <span class='ocrx_word' id='word_1_14' title='bbox 774 725 895 791; x_wconf 85' lang='lat' dir='ltr'>insulas</span> <span class='ocrx_word' id='word_1_15' title='bbox 918 748 984 791; x_wconf 88' lang='lat' dir='ltr'>esse</span> <span class='ocrx_word' id='word_1_16' title='bbox 1007 727 1101 806; x_wconf 85' lang='lat' dir='ltr'>sitas,</span> <span class='ocrx_word' id='word_1_17' title='bbox 1125 749 1260 812; x_wconf 86' lang='lat' dir='ltr'>quarum</span> <span class='ocrx_word' id='word_1_18' title='bbox 1279 729 1371 796; x_wconf 85' lang='lat' dir='ltr'>alteri</span> 
     </span>
     <span class='ocr_line' id='line_1_4' title="bbox 175 842 1371 928; baseline 0.006 -21"><span class='ocrx_word' id='word_1_19' title='bbox 175 842 332 928; x_wconf 80' lang='lat' dir='ltr'><strong>Pyrrham</strong></span> <span class='ocrx_word' id='word_1_20' title='bbox 356 843 448 909; x_wconf 90' lang='lat' dir='ltr'>alteri</span> <span class='ocrx_word' id='word_1_21' title='bbox 467 844 694 911; x_wconf 78' lang='lat' dir='ltr'>Deucalionem</span> <span class='ocrx_word' id='word_1_22' title='bbox 714 868 841 912; x_wconf 85' lang='lat' dir='ltr'>nornen.</span> <span class='ocrx_word' id='word_1_23' title='bbox 861 848 1021 913; x_wconf 90' lang='lat' dir='ltr'>Indicium</span> <span class='ocrx_word' id='word_1_24' title='bbox 1040 852 1149 914; x_wconf 87' lang='lat' dir='ltr'>tamen</span> <span class='ocrx_word' id='word_1_25' title='bbox 1168 849 1266 913; x_wconf 87' lang='lat' dir='ltr'>mirae</span> <span class='ocrx_word' id='word_1_26' title='bbox 1285 849 1371 914; x_wconf 87' lang='lat' dir='ltr'>illius</span> 
     </span>
     <span class='ocr_line' id='line_1_5' title="bbox 175 965 1372 1057; baseline 0.005 -28"><span class='ocrx_word' id='word_1_27' title='bbox 175 965 301 1030; x_wconf 87' lang='lat' dir='ltr'>fabulae</span> <span class='ocrx_word' id='word_1_28' title='bbox 331 967 436 1030; x_wconf 84' lang='lat' dir='ltr'>exstat</span> <span class='ocrx_word' id='word_1_29' title='bbox 467 967 502 1030; x_wconf 94' lang='lat' dir='ltr'>in</span> <span class='ocrx_word' id='word_1_30' title='bbox 528 965 638 1052; x_wconf 83' lang='lat' dir='ltr'>Etym.</span> <span class='ocrx_word' id='word_1_31' title='bbox 662 966 804 1036; x_wconf 74' lang='lat' dir='ltr'>I&#39;lorent.</span> <span class='ocrx_word' id='word_1_32' title='bbox 831 970 894 1034; x_wconf 86' lang='lat'>130</span> <span class='ocrx_word' id='word_1_33' title='bbox 927 971 1070 1057; x_wconf 86' lang='lat' dir='ltr'>(Schn.):</span> <span class='ocrx_word' id='word_1_34' title='bbox 1096 972 1288 1050; x_wconf 80' lang='grc' dir='ltr'><strong><em>Λευκκρίων·</em></strong></span> <span class='ocrx_word' id='word_1_35' title='bbox 1314 966 1372 1036; x_wconf 81' lang='lat' dir='ltr'>alcu</span> 
     </span>
     <span class='ocr_line' id='line_1_6' title="bbox 176 1087 1371 1178; baseline 0.005 -26"><span class='ocrx_word' id='word_1_36' title='bbox 176 1087 279 1167; x_wconf 74' lang='grc' dir='ltr'>Πύρρα</span> <span class='ocrx_word' id='word_1_37' title='bbox 312 1087 329 1163; x_wconf 78' lang='grc' dir='ltr'>ἢ</span> <span class='ocrx_word' id='word_1_38' title='bbox 359 1089 553 1168; x_wconf 71' lang='grc' dir='ltr'><strong><em>Λευκαρίων·</em></strong></span> <span class='ocrx_word' id='word_1_39' title='bbox 587 1093 766 1156; x_wconf 72' lang='grc' dir='ltr'><strong><em>Δευκαλίων</em></strong></span> <span class='ocrx_word' id='word_1_40' title='bbox 798 1096 830 1157; x_wconf 93' lang='lat' dir='ltr'>et</span> <span class='ocrx_word' id='word_1_41' title='bbox 859 1089 967 1176; x_wconf 82' lang='lat' dir='ltr'>Etym.</span> <span class='ocrx_word' id='word_1_42' title='bbox 998 1092 1107 1178; x_wconf 81' lang='lat' dir='ltr'>Magn.</span> <span class='ocrx_word' id='word_1_43' title='bbox 1138 1116 1170 1178; x_wconf 88' lang='lat' dir='ltr'>p.</span> <span class='ocrx_word' id='word_1_44' title='bbox 1205 1093 1281 1159; x_wconf 88' lang='grc'><strong>561.</strong></span> <span class='ocrx_word' id='word_1_45' title='bbox 1310 1092 1371 1159; x_wconf 82' lang='lat'>54:</span> 
     </span>
    </p>
   </div>
   <div class='ocr_carea' id='block_1_3' title="bbox 177 1209 1379 4102">
    <p class='ocr_par' dir='ltr' id='par_1_4' title="bbox 177 1209 1375 2006">
     <span class='ocr_line' id='line_1_7' title="bbox 177 1209 1372 1301; baseline 0.005 -26"><span class='ocrx_word' id='word_1_46' title='bbox 177 1209 372 1290; x_wconf 79' lang='lat' dir='ltr'>Asuuapr‘uu·</span> <span class='ocrx_word' id='word_1_47' title='bbox 397 1215 577 1276; x_wconf 80' lang='grc' dir='ltr'><strong><em>Δευκκλίων</em></strong></span> <span class='ocrx_word' id='word_1_48' title='bbox 598 1212 650 1278; x_wconf 83' lang='lat' dir='ltr'>ual</span> <span class='ocrx_word' id='word_1_49' title='bbox 676 1211 750 1278; x_wconf 63' lang='grc' dir='ltr'>καθ’</span> <span class='ocrx_word' id='word_1_50' title='bbox 776 1211 937 1294; x_wconf 66' lang='grc' dir='ltr'><em>ὑπέρθεσιν</em></span> <span class='ocrx_word' id='word_1_51' title='bbox 968 1215 1163 1280; x_wconf 73' lang='grc' dir='ltr'><strong><em>Λευκκδίωντ</em></strong></span> <span class='ocrx_word' id='word_1_52' title='bbox 1188 1216 1274 1280; x_wconf 93' lang='lat' dir='ltr'>unde</span> <span class='ocrx_word' id='word_1_53' title='bbox 1296 1236 1372 1301; x_wconf 90' lang='lat' dir='ltr'>pro·</span> 
     </span>
     <span class='ocr_line' id='line_1_8' title="bbox 178 1332 1372 1423; baseline 0.003 -25"><span class='ocrx_word' id='word_1_54' title='bbox 178 1332 328 1398; x_wconf 85' lang='lat' dir='ltr'>habiliter</span> <span class='ocrx_word' id='word_1_55' title='bbox 350 1333 465 1397; x_wconf 75' lang='lat' dir='ltr'>statuit</span> <span class='ocrx_word' id='word_1_56' title='bbox 489 1333 608 1401; x_wconf 81' lang='lat' dir='ltr'>Theod.</span> <span class='ocrx_word' id='word_1_57' title='bbox 633 1333 705 1399; x_wconf 93' lang='lat' dir='ltr'>Birt</span> <span class='ocrx_word' id='word_1_58' title='bbox 725 1335 821 1421; x_wconf 85' lang='lat' dir='ltr'>(Mus.</span> <span class='ocrx_word' id='word_1_59' title='bbox 845 1335 949 1402; x_wconf 88' lang='lat' dir='ltr'>Rhen.</span> <span class='ocrx_word' id='word_1_60' title='bbox 975 1335 1119 1403; x_wconf 90' lang='lat' dir='ltr'><strong>XXXII.</strong></span> <span class='ocrx_word' id='word_1_61' title='bbox 1140 1360 1172 1421; x_wconf 87' lang='lat' dir='ltr'>p.</span> <span class='ocrx_word' id='word_1_62' title='bbox 1195 1336 1275 1423; x_wconf 80' lang='lat'>432)</span> <span class='ocrx_word' id='word_1_63' title='bbox 1295 1335 1372 1402; x_wconf 86' lang='lat' dir='ltr'>Ale-</span> 
     </span>
     <span class='ocr_line' id='line_1_9' title="bbox 178 1453 1373 1542; baseline 0.002 -22"><span class='ocrx_word' id='word_1_64' title='bbox 178 1453 355 1520; x_wconf 85' lang='lat' dir='ltr'>xandrinos</span> <span class='ocrx_word' id='word_1_65' title='bbox 385 1454 581 1520; x_wconf 86' lang='lat' dir='ltr'>rarissimum</span> <span class='ocrx_word' id='word_1_66' title='bbox 611 1455 673 1522; x_wconf 90' lang='lat' dir='ltr'>uiri</span> <span class='ocrx_word' id='word_1_67' title='bbox 704 1478 822 1522; x_wconf 91' lang='lat' dir='ltr'>nomen</span> <span class='ocrx_word' id='word_1_68' title='bbox 846 1458 1022 1538; x_wconf 79' lang='lat' dir='ltr'>Asaeapr&#39;au</span> <span class='ocrx_word' id='word_1_69' title='bbox 1046 1457 1216 1542; x_wconf 82' lang='lat' dir='ltr'>indagasse</span> <span class='ocrx_word' id='word_1_70' title='bbox 1242 1495 1282 1507; x_wconf 90' lang='lat'>—</span> <span class='ocrx_word' id='word_1_71' title='bbox 1307 1458 1373 1522; x_wconf 89' lang='lat' dir='ltr'>for-</span> 
     </span>
     <span class='ocr_line' id='line_1_10' title="bbox 178 1575 1375 1664; baseline 0.003 -24"><span class='ocrx_word' id='word_1_72' title='bbox 178 1577 262 1640; x_wconf 88' lang='lat' dir='ltr'>tasse</span> <span class='ocrx_word' id='word_1_73' title='bbox 305 1575 388 1641; x_wconf 86' lang='lat' dir='ltr'>circa</span> <span class='ocrx_word' id='word_1_74' title='bbox 428 1575 651 1656; x_wconf 82' lang='lat' dir='ltr'>Ambraciam,</span> <span class='ocrx_word' id='word_1_75' title='bbox 685 1577 818 1643; x_wconf 84' lang='lat' dir='ltr'>fortasse</span> <span class='ocrx_word' id='word_1_76' title='bbox 851 1579 887 1643; x_wconf 91' lang='lat' dir='ltr'>in</span> <span class='ocrx_word' id='word_1_77' title='bbox 922 1579 992 1664; x_wconf 87' lang='lat' dir='ltr'>ipsa</span> <span class='ocrx_word' id='word_1_78' title='bbox 1027 1578 1127 1644; x_wconf 84' lang='lat' dir='ltr'>Lesbo</span> <span class='ocrx_word' id='word_1_79' title='bbox 1165 1617 1206 1628; x_wconf 90' lang='lat'><strong>—</strong></span> <span class='ocrx_word' id='word_1_80' title='bbox 1242 1601 1375 1664; x_wconf 91' lang='lat' dir='ltr'>eamque</span> 
     </span>
     <span class='ocr_line' id='line_1_11' title="bbox 179 1697 1374 1785; baseline 0.003 -23"><span class='ocrx_word' id='word_1_81' title='bbox 179 1697 391 1782; x_wconf 72' lang='lat' dir='ltr'>explicaturos</span> <span class='ocrx_word' id='word_1_82' title='bbox 415 1699 617 1782; x_wconf 86' lang='lat' dir='ltr'>uarietatem,</span> <span class='ocrx_word' id='word_1_83' title='bbox 642 1722 724 1785; x_wconf 88' lang='lat' dir='ltr'>quae</span> <span class='ocrx_word' id='word_1_84' title='bbox 747 1699 841 1765; x_wconf 88' lang='lat' dir='ltr'>facile</span> <span class='ocrx_word' id='word_1_85' title='bbox 863 1701 1056 1766; x_wconf 87' lang='lat' dir='ltr'>tribueretur</span> <span class='ocrx_word' id='word_1_86' title='bbox 1081 1701 1259 1766; x_wconf 85' lang='lat' dir='ltr'>litterarum</span> <span class='ocrx_word' id='word_1_87' title='bbox 1284 1705 1374 1781; x_wconf 79' lang='grc' dir='ltr'><em>ὑπερ-</em></span> 
     </span>
     <span class='ocr_line' id='line_1_12' title="bbox 179 1818 1375 1904; baseline 0.005 -22"><span class='ocrx_word' id='word_1_88' title='bbox 179 1818 352 1904; x_wconf 78' lang='grc' dir='ltr'><strong><em>βιβκσμῷ,</em></strong></span> <span class='ocrx_word' id='word_1_89' title='bbox 389 1842 475 1884; x_wconf 90' lang='lat' dir='ltr'>noua</span> <span class='ocrx_word' id='word_1_90' title='bbox 510 1821 566 1884; x_wconf 85' lang='lat' dir='ltr'>illa</span> <span class='ocrx_word' id='word_1_91' title='bbox 598 1821 636 1885; x_wconf 90' lang='lat' dir='ltr'>de</span> <span class='ocrx_word' id='word_1_92' title='bbox 667 1820 862 1887; x_wconf 89' lang='lat' dir='ltr'>Deucalione</span> <span class='ocrx_word' id='word_1_93' title='bbox 893 1822 1050 1887; x_wconf 88' lang='lat' dir='ltr'>Leucadio</span> <span class='ocrx_word' id='word_1_94' title='bbox 1083 1825 1140 1886; x_wconf 87' lang='lat' dir='ltr'>aut</span> <span class='ocrx_word' id='word_1_95' title='bbox 1170 1823 1288 1888; x_wconf 87' lang='lat' dir='ltr'>eruisse</span> <span class='ocrx_word' id='word_1_96' title='bbox 1320 1826 1375 1888; x_wconf 91' lang='lat' dir='ltr'>aut</span> 
     </span>
     <span class='ocr_line' id='line_1_13' title="bbox 179 1941 317 2006; baseline 0 0"><span class='ocrx_word' id='word_1_97' title='bbox 179 1941 317 2006; x_wconf 87' lang='lat' dir='ltr'>finxisse.</span> 
     </span>
    </p>

    <p class='ocr_par' dir='ltr' id='par_1_5' title="bbox 181 2062 1379 3371">
     <span class='ocr_line' id='line_1_14' title="bbox 226 2062 1377 2152; baseline 0.001 -23"><span class='ocrx_word' id='word_1_98' title='bbox 226 2062 274 2130; x_wconf 93' lang='lat' dir='ltr'>De</span> <span class='ocrx_word' id='word_1_99' title='bbox 296 2065 381 2130; x_wconf 86' lang='lat' dir='ltr'>saltu</span> <span class='ocrx_word' id='word_1_100' title='bbox 403 2067 509 2130; x_wconf 85' lang='lat' dir='ltr'>autem</span> <span class='ocrx_word' id='word_1_101' title='bbox 533 2088 550 2131; x_wconf 99' lang='lat' dir='ltr'>e</span> <span class='ocrx_word' id='word_1_102' title='bbox 575 2065 711 2132; x_wconf 88' lang='lat' dir='ltr'>Leucate</span> <span class='ocrx_word' id='word_1_103' title='bbox 733 2067 957 2152; x_wconf 91' lang='lat' dir='ltr'>promunturio</span> <span class='ocrx_word' id='word_1_104' title='bbox 979 2088 1080 2152; x_wconf 88' lang='lat' dir='ltr'>pauca</span> <span class='ocrx_word' id='word_1_105' title='bbox 1103 2067 1276 2131; x_wconf 89' lang='lat' dir='ltr'>admodum</span> <span class='ocrx_word' id='word_1_106' title='bbox 1299 2069 1377 2131; x_wconf 86' lang='lat' dir='ltr'>sunt</span> 
     </span>
     <span class='ocr_line' id='line_1_15' title="bbox 181 2187 1375 2275; baseline -0.001 -23"><span class='ocrx_word' id='word_1_107' title='bbox 181 2190 260 2252; x_wconf 90' lang='lat' dir='ltr'>nota</span> <span class='ocrx_word' id='word_1_108' title='bbox 289 2209 392 2273; x_wconf 87' lang='lat' dir='ltr'>neque</span> <span class='ocrx_word' id='word_1_109' title='bbox 415 2211 547 2272; x_wconf 83' lang='lat' dir='ltr'>usquam</span> <span class='ocrx_word' id='word_1_110' title='bbox 571 2189 634 2254; x_wconf 90' lang='lat' dir='ltr'>nisi</span> <span class='ocrx_word' id='word_1_111' title='bbox 657 2189 811 2255; x_wconf 90' lang='lat' dir='ltr'>hocloco</span> <span class='ocrx_word' id='word_1_112' title='bbox 834 2189 913 2255; x_wconf 86' lang='lat' dir='ltr'>haec</span> <span class='ocrx_word' id='word_1_113' title='bbox 936 2189 965 2254; x_wconf 88' lang='lat' dir='ltr'>ei</span> <span class='ocrx_word' id='word_1_114' title='bbox 988 2191 1130 2275; x_wconf 88' lang='lat' dir='ltr'>potestas</span> <span class='ocrx_word' id='word_1_115' title='bbox 1153 2188 1249 2252; x_wconf 84' lang='lat' dir='ltr'>fuisse</span> <span class='ocrx_word' id='word_1_116' title='bbox 1272 2187 1375 2252; x_wconf 90' lang='lat' dir='ltr'>tradi-</span> 
     </span>
     <span class='ocr_line' id='line_1_16' title="bbox 181 2310 1376 2396; baseline 0 -22"><span class='ocrx_word' id='word_1_117' title='bbox 181 2313 235 2374; x_wconf 90' lang='lat' dir='ltr'>tur</span> <span class='ocrx_word' id='word_1_118' title='bbox 264 2314 302 2374; x_wconf 92' lang='lat' dir='ltr'>ut</span> <span class='ocrx_word' id='word_1_119' title='bbox 329 2331 469 2375; x_wconf 87' lang='lat' dir='ltr'>amorem</span> <span class='ocrx_word' id='word_1_120' title='bbox 502 2332 540 2374; x_wconf 85' lang='lat' dir='ltr'>ex</span> <span class='ocrx_word' id='word_1_121' title='bbox 571 2313 698 2396; x_wconf 89' lang='lat' dir='ltr'>pectore</span> <span class='ocrx_word' id='word_1_122' title='bbox 729 2311 902 2377; x_wconf 79' lang='lat' dir='ltr'>desilientis</span> <span class='ocrx_word' id='word_1_123' title='bbox 924 2311 959 2375; x_wconf 93' lang='lat' dir='ltr'>in</span> <span class='ocrx_word' id='word_1_124' title='bbox 983 2311 1081 2375; x_wconf 85' lang='lat' dir='ltr'>amati</span> <span class='ocrx_word' id='word_1_125' title='bbox 1103 2310 1242 2374; x_wconf 90' lang='lat' dir='ltr'>hominis</span> <span class='ocrx_word' id='word_1_126' title='bbox 1264 2312 1376 2394; x_wconf 89' lang='lat' dir='ltr'>pectus</span> 
     </span>
     <span class='ocr_line' id='line_1_17' title="bbox 181 2431 1376 2517; baseline 0.002 -22"><span class='ocrx_word' id='word_1_127' title='bbox 181 2431 430 2499; x_wconf 72' lang='lat' dir='ltr'>transfunderet.</span> <span class='ocrx_word' id='word_1_128' title='bbox 477 2431 690 2517; x_wconf 82' lang='lat' dir='ltr'>Aliquatenus</span> <span class='ocrx_word' id='word_1_129' title='bbox 731 2435 839 2497; x_wconf 92' lang='lat' dir='ltr'>tamen</span> <span class='ocrx_word' id='word_1_130' title='bbox 876 2433 1030 2497; x_wconf 87' lang='lat' dir='ltr'>indicium</span> <span class='ocrx_word' id='word_1_131' title='bbox 1070 2432 1137 2496; x_wconf 86' lang='lat' dir='ltr'>eius</span> <span class='ocrx_word' id='word_1_132' title='bbox 1174 2432 1221 2496; x_wconf 89' lang='lat' dir='ltr'>rei</span> <span class='ocrx_word' id='word_1_133' title='bbox 1259 2431 1376 2497; x_wconf 88' lang='lat' dir='ltr'>habere</span> 
     </span>
     <span class='ocr_line' id='line_1_18' title="bbox 181 2553 1379 2641; baseline 0.002 -23"><span class='ocrx_word' id='word_1_134' title='bbox 181 2554 275 2619; x_wconf 86' lang='lat' dir='ltr'>nobis</span> <span class='ocrx_word' id='word_1_135' title='bbox 304 2554 449 2619; x_wconf 86' lang='lat' dir='ltr'>uidemur</span> <span class='ocrx_word' id='word_1_136' title='bbox 479 2555 565 2639; x_wconf 88' lang='lat' dir='ltr'>apud</span> <span class='ocrx_word' id='word_1_137' title='bbox 596 2553 740 2620; x_wconf 90' lang='lat' dir='ltr'>Seruium</span> <span class='ocrx_word' id='word_1_138' title='bbox 771 2555 811 2618; x_wconf 90' lang='lat' dir='ltr'>ad</span> <span class='ocrx_word' id='word_1_139' title='bbox 831 2553 939 2639; x_wconf 84' lang='lat' dir='ltr'>¹Verg.</span> <span class='ocrx_word' id='word_1_140' title='bbox 972 2553 1041 2621; x_wconf 81' lang='lat' dir='ltr'>Ecl.</span> <span class='ocrx_word' id='word_1_141' title='bbox 1068 2553 1161 2621; x_wconf 87' lang='lat' dir='ltr'><strong>VIII.</strong></span> <span class='ocrx_word' id='word_1_142' title='bbox 1188 2553 1246 2619; x_wconf 80' lang='lat'>59:</span> <span class='ocrx_word' id='word_1_143' title='bbox 1273 2557 1379 2641; x_wconf 80' lang='lat' dir='ltr'>»quod</span> 
     </span>
     <span class='ocr_line' id='line_1_19' title="bbox 182 2675 1378 2765; baseline 0 -25"><span class='ocrx_word' id='word_1_144' title='bbox 182 2679 270 2763; x_wconf 83' lang='lat' dir='ltr'>apud</span> <span class='ocrx_word' id='word_1_145' title='bbox 299 2675 451 2742; x_wconf 83' lang='lat' dir='ltr'>Leucaten</span> <span class='ocrx_word' id='word_1_146' title='bbox 474 2678 558 2742; x_wconf 79' lang='lat' dir='ltr'>soliti</span> <span class='ocrx_word' id='word_1_147' title='bbox 580 2689 670 2741; x_wconf 82' lang='lat' dir='ltr'>erant</span> <span class='ocrx_word' id='word_1_148' title='bbox 692 2699 722 2741; x_wconf 79' lang='lat' dir='ltr'>sa</span> <span class='ocrx_word' id='word_1_149' title='bbox 743 2679 965 2765; x_wconf 80' lang='lat' dir='ltr'>praecipitare,</span> <span class='ocrx_word' id='word_1_150' title='bbox 991 2680 1121 2763; x_wconf 79' lang='lat' dir='ltr'>quiunt</span> <span class='ocrx_word' id='word_1_151' title='bbox 1143 2689 1378 2763; x_wconf 72' lang='lat' dir='ltr'>aucuparentur</span> 
     </span>
     <span class='ocr_line' id='line_1_20' title="bbox 182 2796 1377 2885; baseline 0 -23"><span class='ocrx_word' id='word_1_152' title='bbox 182 2800 319 2863; x_wconf 80' lang='lat' dir='ltr'>inuenire</span> <span class='ocrx_word' id='word_1_153' title='bbox 342 2800 521 2885; x_wconf 80' lang='lat' dir='ltr'>capiebant,</span> <span class='ocrx_word' id='word_1_154' title='bbox 542 2810 598 2863; x_wconf 81' lang='lat' dir='ltr'>aut</span> <span class='ocrx_word' id='word_1_155' title='bbox 621 2801 726 2863; x_wconf 80' lang='lat' dir='ltr'>amari</span> <span class='ocrx_word' id='word_1_156' title='bbox 743 2800 781 2863; x_wconf 85' lang='lat' dir='ltr'>ab</span> <span class='ocrx_word' id='word_1_157' title='bbox 802 2799 849 2862; x_wconf 80' lang='lat' dir='ltr'>bia</span> <span class='ocrx_word' id='word_1_158' title='bbox 868 2800 1082 2864; x_wconf 81' lang='lat' dir='ltr'>desiderabant</span> <span class='ocrx_word' id='word_1_159' title='bbox 1101 2822 1176 2885; x_wconf 80' lang='lat' dir='ltr'>quos</span> <span class='ocrx_word' id='word_1_160' title='bbox 1196 2796 1377 2862; x_wconf 81' lang='lat' dir='ltr'>amabant.’&#39;</span> 
     </span>
     <span class='ocr_line' id='line_1_21' title="bbox 183 2918 1378 3005; baseline -0.002 -20"><span class='ocrx_word' id='word_1_161' title='bbox 183 2918 315 3005; x_wconf 84' lang='lat' dir='ltr'>Saepius</span> <span class='ocrx_word' id='word_1_162' title='bbox 337 2942 412 2985; x_wconf 89' lang='lat' dir='ltr'>uero</span> <span class='ocrx_word' id='word_1_163' title='bbox 436 2921 517 2985; x_wconf 90' lang='lat' dir='ltr'>illud</span> <span class='ocrx_word' id='word_1_164' title='bbox 539 2920 713 2985; x_wconf 88' lang='lat' dir='ltr'>remedium</span> <span class='ocrx_word' id='word_1_165' title='bbox 737 2943 755 2984; x_wconf 89' lang='lat' dir='ltr'>a</span> <span class='ocrx_word' id='word_1_166' title='bbox 778 2921 890 2985; x_wconf 87' lang='lat' dir='ltr'>misere</span> <span class='ocrx_word' id='word_1_167' title='bbox 909 2920 1092 2986; x_wconf 90' lang='lat' dir='ltr'>amantibus</span> <span class='ocrx_word' id='word_1_168' title='bbox 1112 2942 1179 2985; x_wconf 86' lang='lat' dir='ltr'>esse</span> <span class='ocrx_word' id='word_1_169' title='bbox 1198 2919 1378 2985; x_wconf 90' lang='lat' dir='ltr'>adhibitum</span> 
     </span>
     <span class='ocr_line' id='line_1_22' title="bbox 183 3041 1379 3128; baseline -0.001 -23"><span class='ocrx_word' id='word_1_170' title='bbox 183 3063 232 3106; x_wconf 86' lang='lat' dir='ltr'>res</span> <span class='ocrx_word' id='word_1_171' title='bbox 264 3045 312 3106; x_wconf 90' lang='lat' dir='ltr'>est</span> <span class='ocrx_word' id='word_1_172' title='bbox 342 3042 518 3109; x_wconf 81' lang='lat' dir='ltr'>notissIme.</span> <span class='ocrx_word' id='word_1_173' title='bbox 549 3041 594 3106; x_wconf 86' lang='lat' dir='ltr'>Ilt</span> <span class='ocrx_word' id='word_1_174' title='bbox 623 3043 759 3128; x_wconf 84' lang='lat' dir='ltr'>primam</span> <span class='ocrx_word' id='word_1_175' title='bbox 792 3042 920 3126; x_wconf 88' lang='lat' dir='ltr'>quidem</span> <span class='ocrx_word' id='word_1_176' title='bbox 951 3041 1047 3106; x_wconf 86' lang='lat' dir='ltr'>fuisse</span> <span class='ocrx_word' id='word_1_177' title='bbox 1070 3041 1275 3125; x_wconf 88' lang='lat' dir='ltr'>Sapphonem</span> <span class='ocrx_word' id='word_1_178' title='bbox 1299 3061 1379 3125; x_wconf 87' lang='lat' dir='ltr'>quae</span> 
     </span>
     <span class='ocr_line' id='line_1_23' title="bbox 183 3162 1379 3248; baseline -0.002 -21"><span class='ocrx_word' id='word_1_179' title='bbox 183 3185 291 3228; x_wconf 89' lang='lat' dir='ltr'>amore</span> <span class='ocrx_word' id='word_1_180' title='bbox 320 3183 396 3247; x_wconf 84' lang='lat' dir='ltr'>erga</span> <span class='ocrx_word' id='word_1_181' title='bbox 427 3163 591 3229; x_wconf 89' lang='lat' dir='ltr'>Phaonem</span> <span class='ocrx_word' id='word_1_182' title='bbox 627 3165 758 3229; x_wconf 86' lang='lat' dir='ltr'>incensa</span> <span class='ocrx_word' id='word_1_183' title='bbox 789 3165 828 3230; x_wconf 91' lang='lat' dir='ltr'>de</span> <span class='ocrx_word' id='word_1_184' title='bbox 852 3163 1010 3228; x_wconf 82' lang='lat' dir='ltr'>Leucadio</span> <span class='ocrx_word' id='word_1_185' title='bbox 1034 3167 1143 3227; x_wconf 91' lang='lat' dir='ltr'>monte</span> <span class='ocrx_word' id='word_1_186' title='bbox 1166 3184 1199 3227; x_wconf 85' lang='lat' dir='ltr'>se</span> <span class='ocrx_word' id='word_1_187' title='bbox 1222 3162 1379 3248; x_wconf 85' lang='lat' dir='ltr'>praecipi-</span> 
     </span>
     <span class='ocr_line' id='line_1_24' title="bbox 183 3283 1239 3371; baseline -0.002 -21"><span class='ocrx_word' id='word_1_188' title='bbox 183 3288 283 3370; x_wconf 87' lang='lat' dir='ltr'>taret,</span> <span class='ocrx_word' id='word_1_189' title='bbox 309 3286 407 3350; x_wconf 87' lang='lat' dir='ltr'>tradit</span> <span class='ocrx_word' id='word_1_190' title='bbox 430 3285 607 3351; x_wconf 88' lang='lat' dir='ltr'>Menander</span> <span class='ocrx_word' id='word_1_191' title='bbox 620 3283 646 3371; x_wconf 83' lang='lat'>¹)</span> <span class='ocrx_word' id='word_1_192' title='bbox 670 3308 721 3370; x_wconf 87' lang='lat' dir='ltr'>ap.</span> <span class='ocrx_word' id='word_1_193' title='bbox 746 3283 933 3350; x_wconf 85' lang='lat' dir='ltr'>Strabonem</span> <span class='ocrx_word' id='word_1_194' title='bbox 959 3283 1002 3350; x_wconf 86' lang='lat' dir='ltr'>X.</span> <span class='ocrx_word' id='word_1_195' title='bbox 1027 3283 1092 3348; x_wconf 84' lang='lat'>452</span> <span class='ocrx_word' id='word_1_196' title='bbox 1118 3284 1163 3370; x_wconf 81' lang='lat'>(2.</span> <span class='ocrx_word' id='word_1_197' title='bbox 1189 3284 1239 3369; x_wconf 84' lang='lat'>9):</span> 
     </span>
    </p>

    <p class='ocr_par' dir='ltr' id='par_1_6' title="bbox 456 3404 983 3488">
     <span class='ocr_line' id='line_1_25' title="bbox 456 3404 983 3488; baseline -0.002 -16"><span class='ocrx_word' id='word_1_198' title='bbox 456 3404 490 3472; x_wconf 80' lang='grc' dir='ltr'>οὗ</span> <span class='ocrx_word' id='word_1_199' title='bbox 513 3408 547 3480; x_wconf 69' lang='grc' dir='ltr'>δὴ</span> <span class='ocrx_word' id='word_1_200' title='bbox 572 3406 831 3486; x_wconf 72' lang='grc' dir='ltr'>λέγετακπρώτκ</span> <span class='ocrx_word' id='word_1_201' title='bbox 857 3411 983 3488; x_wconf 72' lang='grc' dir='ltr'>Σαπφὼ</span> 
     </span>
    </p>

    <p class='ocr_par' dir='ltr' id='par_1_7' title="bbox 458 3527 1117 4102">
     <span class='ocr_line' id='line_1_26' title="bbox 458 3527 994 3607; baseline 0 -15"><span class='ocrx_word' id='word_1_202' title='bbox 458 3530 509 3594; x_wconf 77' lang='grc' dir='ltr'>τὸν</span> <span class='ocrx_word' id='word_1_203' title='bbox 534 3530 725 3606; x_wconf 76' lang='grc' dir='ltr'><strong><em>ὑπέρκομπον</em></strong></span> <span class='ocrx_word' id='word_1_204' title='bbox 749 3527 873 3607; x_wconf 66' lang='lat' dir='ltr'>&amp;nabau</span> <span class='ocrx_word' id='word_1_205' title='bbox 894 3527 994 3593; x_wconf 67' lang='lat' dir='ltr'>datuu&#39;</span> 
     </span>
     <span class='ocr_line' id='line_1_27' title="bbox 458 3639 1061 3731; baseline -0.005 -15"><span class='ocrx_word' id='word_1_206' title='bbox 458 3652 611 3731; x_wconf 78' lang='grc' dir='ltr'><strong><em>οἶστρῶντι</em></strong></span> <span class='ocrx_word' id='word_1_207' title='bbox 635 3648 722 3730; x_wconf 69' lang='lat' dir='ltr'>acea</span> <span class='ocrx_word' id='word_1_208' title='bbox 746 3653 834 3731; x_wconf 79' lang='grc' dir='ltr'><strong><em>ρῑψκκ</em></strong></span> <span class='ocrx_word' id='word_1_209' title='bbox 860 3647 976 3730; x_wconf 75' lang='grc' dir='ltr'><em>πέτρας</em></span> <span class='ocrx_word' id='word_1_210' title='bbox 1058 3639 1061 3650; x_wconf 63' lang='grc'><strong>’</strong></span> 
     </span>
     <span class='ocr_line' id='line_1_28' title="bbox 458 3769 1077 3855; baseline -0.006 -16"><span class='ocrx_word' id='word_1_211' title='bbox 458 3775 522 3839; x_wconf 77' lang='lat' dir='ltr'>alud</span> <span class='ocrx_word' id='word_1_212' title='bbox 546 3777 741 3855; x_wconf 66' lang='lat' dir='ltr'>retroacta</span> <span class='ocrx_word' id='word_1_213' title='bbox 766 3769 858 3850; x_wconf 64' lang='lat' dir='ltr'>ababa</span> <span class='ocrx_word' id='word_1_214' title='bbox 883 3770 956 3836; x_wconf 73' lang='grc' dir='ltr'><strong><em>κατ’</em></strong></span> <span class='ocrx_word' id='word_1_215' title='bbox 981 3773 1077 3853; x_wconf 68' lang='grc' dir='ltr'><em>εὐχὴν</em></span> 
     </span>
     <span class='ocr_line' id='line_1_29' title="bbox 458 3891 1117 3976; baseline 0 -17"><span class='ocrx_word' id='word_1_216' title='bbox 458 3897 531 3975; x_wconf 66' lang='grc' dir='ltr'>σὺν,</span> <span class='ocrx_word' id='word_1_217' title='bbox 556 3896 681 3961; x_wconf 76' lang='grc' dir='ltr'><em>δέσποτ’</em></span> <span class='ocrx_word' id='word_1_218' title='bbox 705 3892 802 3972; x_wconf 72' lang='grc' dir='ltr'><strong><em>ἄναξ,</em></strong></span> <span class='ocrx_word' id='word_1_219' title='bbox 828 3891 1032 3976; x_wconf 70' lang='grc' dir='ltr'>εὐφημείσθω</span> <span class='ocrx_word' id='word_1_220' title='bbox 1116 3947 1117 3952; x_wconf 53' lang='grc'>,</span> 
     </span>
     <span class='ocr_line' id='line_1_30' title="bbox 460 4013 1036 4102; baseline 0 -21"><span class='ocrx_word' id='word_1_221' title='bbox 460 4017 584 4095; x_wconf 78' lang='grc' dir='ltr'><em>τέμενος</em></span> <span class='ocrx_word' id='word_1_222' title='bbox 609 4017 676 4097; x_wconf 73' lang='grc' dir='ltr'>περὶ</span> <span class='ocrx_word' id='word_1_223' title='bbox 701 4015 860 4088; x_wconf 63' lang='grc' dir='ltr'>Λευκάδος</span> <span class='ocrx_word' id='word_1_224' title='bbox 884 4017 993 4090; x_wconf 67' lang='grc' dir='ltr'><strong><em>ἀκτῆς.</em></strong></span> <span class='ocrx_word' id='word_1_225' title='bbox 1009 4013 1036 4102; x_wconf 77' lang='lat'>⁹)</span> 
     </span>
    </p>
   </div>
   <div class='ocr_carea' id='block_1_4' title="bbox 188 4272 1390 4742">
    <p class='ocr_par' dir='ltr' id='par_1_8' title="bbox 223 4272 819 4344">
     <span class='ocr_line' id='line_1_31' title="bbox 223 4272 819 4344; baseline -0.005 -22"><span class='ocrx_word' id='word_1_226' title='bbox 223 4273 250 4338; x_wconf 87' lang='lat'>1)</span> <span class='ocrx_word' id='word_1_227' title='bbox 268 4273 393 4344; x_wconf 69' lang='lat' dir='ltr'>Mainake,</span> <span class='ocrx_word' id='word_1_228' title='bbox 414 4273 499 4337; x_wconf 80' lang='lat' dir='ltr'>fragm.</span> <span class='ocrx_word' id='word_1_229' title='bbox 517 4287 576 4322; x_wconf 92' lang='lat' dir='ltr'>com.</span> <span class='ocrx_word' id='word_1_230' title='bbox 596 4274 679 4321; x_wconf 82' lang='lat' dir='ltr'>Graec.</span> <span class='ocrx_word' id='word_1_231' title='bbox 699 4272 743 4320; x_wconf 86' lang='lat' dir='ltr'>lv.</span> <span class='ocrx_word' id='word_1_232' title='bbox 763 4272 819 4321; x_wconf 79' lang='lat'>158.</span> 
     </span>
    </p>

    <p class='ocr_par' dir='ltr' id='par_1_9' title="bbox 188 4350 1390 4742">
     <span class='ocr_line' id='line_1_32' title="bbox 222 4350 1388 4421; baseline -0.004 -17"><span class='ocrx_word' id='word_1_233' title='bbox 222 4356 250 4421; x_wconf 80' lang='lat'>2)</span> <span class='ocrx_word' id='word_1_234' title='bbox 270 4356 306 4405; x_wconf 84' lang='lat' dir='ltr'>Ol.</span> <span class='ocrx_word' id='word_1_235' title='bbox 321 4355 419 4404; x_wconf 85' lang='lat' dir='ltr'>Seruius</span> <span class='ocrx_word' id='word_1_236' title='bbox 437 4355 466 4403; x_wconf 85' lang='lat' dir='ltr'>ad</span> <span class='ocrx_word' id='word_1_237' title='bbox 483 4355 555 4418; x_wconf 76' lang='lat' dir='ltr'>Verg.</span> <span class='ocrx_word' id='word_1_238' title='bbox 573 4356 632 4403; x_wconf 81' lang='lat' dir='ltr'>Aen.</span> <span class='ocrx_word' id='word_1_239' title='bbox 652 4355 706 4403; x_wconf 85' lang='grc' dir='ltr'><strong>ΙΙΙ.</strong></span> <span class='ocrx_word' id='word_1_240' title='bbox 723 4353 784 4404; x_wconf 74' lang='lat'>2742</span> <span class='ocrx_word' id='word_1_241' title='bbox 805 4369 875 4402; x_wconf 66' lang='lat' dir='ltr'>‚rane</span> <span class='ocrx_word' id='word_1_242' title='bbox 892 4354 921 4402; x_wconf 86' lang='lat' dir='ltr'>de</span> <span class='ocrx_word' id='word_1_243' title='bbox 938 4354 981 4402; x_wconf 79' lang='lat' dir='ltr'>hoe</span> <span class='ocrx_word' id='word_1_244' title='bbox 996 4354 1099 4402; x_wconf 76' lang='lat' dir='ltr'>Leucate</span> <span class='ocrx_word' id='word_1_245' title='bbox 1114 4355 1232 4401; x_wconf 74' lang='lat' dir='ltr'>amatores</span> <span class='ocrx_word' id='word_1_246' title='bbox 1244 4366 1269 4400; x_wconf 79' lang='lat' dir='ltr'>ee</span> <span class='ocrx_word' id='word_1_247' title='bbox 1282 4350 1307 4398; x_wconf 85' lang='lat' dir='ltr'>in</span> <span class='ocrx_word' id='word_1_248' title='bbox 1322 4365 1388 4399; x_wconf 80' lang='lat' dir='ltr'>arare</span> 
     </span>
     <span class='ocr_line' id='line_1_33' title="bbox 188 4431 1383 4500; baseline -0.005 -14"><span class='ocrx_word' id='word_1_249' title='bbox 188 4439 222 4486; x_wconf 86' lang='lat' dir='ltr'>ad</span> <span class='ocrx_word' id='word_1_250' title='bbox 237 4438 406 4486; x_wconf 78' lang='lat' dir='ltr'>eacludendum</span> <span class='ocrx_word' id='word_1_251' title='bbox 420 4452 521 4486; x_wconf 85' lang='lat' dir='ltr'>amarem</span> <span class='ocrx_word' id='word_1_252' title='bbox 530 4437 693 4500; x_wconf 55' lang='lat' dir='ltr'>praearmare</span> <span class='ocrx_word' id='word_1_253' title='bbox 708 4436 861 4485; x_wconf 78' lang='lat' dir='ltr'>dicebantur:</span> <span class='ocrx_word' id='word_1_254' title='bbox 876 4441 906 4484; x_wconf 76' lang='lat' dir='ltr'>ut</span> <span class='ocrx_word' id='word_1_255' title='bbox 924 4433 1042 4500; x_wconf 71' lang='lat' dir='ltr'>Sappho†</span> <span class='ocrx_word' id='word_1_256' title='bbox 1058 4450 1118 4498; x_wconf 84' lang='lat' dir='ltr'>quae</span> <span class='ocrx_word' id='word_1_257' title='bbox 1135 4434 1172 4482; x_wconf 70' lang='lat' dir='ltr'>aa</span> <span class='ocrx_word' id='word_1_258' title='bbox 1189 4433 1244 4482; x_wconf 79' lang='lat' dir='ltr'>iude</span> <span class='ocrx_word' id='word_1_259' title='bbox 1260 4431 1383 4481; x_wconf 74' lang='lat' dir='ltr'>dceilua&#39;t.”</span> 
     </span>
     <span class='ocr_line' id='line_1_34' title="bbox 188 4515 1389 4582; baseline -0.003 -16"><span class='ocrx_word' id='word_1_260' title='bbox 188 4517 245 4568; x_wconf 91' lang='lat' dir='ltr'>ibid.</span> <span class='ocrx_word' id='word_1_261' title='bbox 269 4518 331 4571; x_wconf 69' lang='lat'><strong>279:</strong></span> <span class='ocrx_word' id='word_1_262' title='bbox 358 4519 458 4567; x_wconf 67' lang='lat' dir='ltr'>»Phaon</span> <span class='ocrx_word' id='word_1_263' title='bbox 530 4518 640 4581; x_wconf 81' lang='lat' dir='ltr'>seminar</span> <span class='ocrx_word' id='word_1_264' title='bbox 662 4518 688 4565; x_wconf 83' lang='lat' dir='ltr'>in</span> <span class='ocrx_word' id='word_1_265' title='bbox 710 4518 748 4566; x_wconf 81' lang='lat' dir='ltr'>aui</span> <span class='ocrx_word' id='word_1_266' title='bbox 770 4533 871 4567; x_wconf 84' lang='lat' dir='ltr'>amorem</span> <span class='ocrx_word' id='word_1_267' title='bbox 894 4517 1020 4575; x_wconf 75' lang='lat' dir='ltr'>trahebat,</span> <span class='ocrx_word' id='word_1_268' title='bbox 1039 4517 1065 4564; x_wconf 79' lang='lat' dir='ltr'>iu</span> <span class='ocrx_word' id='word_1_269' title='bbox 1081 4517 1134 4580; x_wconf 79' lang='lat' dir='ltr'>quis</span> <span class='ocrx_word' id='word_1_270' title='bbox 1145 4515 1202 4582; x_wconf 75' lang='lat' dir='ltr'>fluit</span> <span class='ocrx_word' id='word_1_271' title='bbox 1219 4530 1267 4562; x_wconf 86' lang='lat' dir='ltr'>una</span> <span class='ocrx_word' id='word_1_272' title='bbox 1283 4529 1343 4578; x_wconf 87' lang='lat' dir='ltr'>quae</span> <span class='ocrx_word' id='word_1_273' title='bbox 1359 4515 1389 4563; x_wconf 84' lang='lat' dir='ltr'>de</span> 
     </span>
     <span class='ocr_line' id='line_1_35' title="bbox 191 4596 1390 4664; baseline -0.006 -14"><span class='ocrx_word' id='word_1_274' title='bbox 191 4606 269 4651; x_wconf 81' lang='lat' dir='ltr'>moute</span> <span class='ocrx_word' id='word_1_275' title='bbox 291 4602 405 4659; x_wconf 76' lang='lat' dir='ltr'>Leucate,</span> <span class='ocrx_word' id='word_1_276' title='bbox 429 4617 479 4649; x_wconf 86' lang='lat' dir='ltr'>cum</span> <span class='ocrx_word' id='word_1_277' title='bbox 492 4600 571 4664; x_wconf 78' lang='lat' dir='ltr'>patiri</span> <span class='ocrx_word' id='word_1_278' title='bbox 587 4600 637 4648; x_wconf 79' lang='lat' dir='ltr'>eius</span> <span class='ocrx_word' id='word_1_279' title='bbox 654 4600 775 4664; x_wconf 81' lang='lat' dir='ltr'>nequiret,</span> <span class='ocrx_word' id='word_1_280' title='bbox 792 4599 902 4650; x_wconf 74' lang='lat' dir='ltr'>adierim</span> <span class='ocrx_word' id='word_1_281' title='bbox 918 4616 942 4649; x_wconf 83' lang='lat' dir='ltr'>re</span> <span class='ocrx_word' id='word_1_282' title='bbox 960 4597 1074 4648; x_wconf 78' lang='lat' dir='ltr'>dicitur.”</span> <span class='ocrx_word' id='word_1_283' title='bbox 1092 4597 1121 4647; x_wconf 83' lang='lat' dir='ltr'>ci.</span> <span class='ocrx_word' id='word_1_284' title='bbox 1140 4600 1230 4647; x_wconf 74' lang='lat' dir='ltr'>huson.</span> <span class='ocrx_word' id='word_1_285' title='bbox 1247 4596 1308 4662; x_wconf 83' lang='lat' dir='ltr'>Cup.</span> <span class='ocrx_word' id='word_1_286' title='bbox 1326 4610 1390 4645; x_wconf 88' lang='lat' dir='ltr'>cruc.</span> 
     </span>
     <span class='ocr_line' id='line_1_36' title="bbox 194 4683 684 4742; baseline -0.004 -10"><span class='ocrx_word' id='word_1_287' title='bbox 194 4698 228 4733; x_wconf 82' lang='lat' dir='ltr'>ue.</span> <span class='ocrx_word' id='word_1_288' title='bbox 247 4683 292 4742; x_wconf 83' lang='lat'>24,</span> <span class='ocrx_word' id='word_1_289' title='bbox 313 4685 373 4732; x_wconf 76' lang='lat' dir='ltr'>stat.</span> <span class='ocrx_word' id='word_1_290' title='bbox 392 4683 451 4732; x_wconf 86' lang='lat' dir='ltr'>silu.</span> <span class='ocrx_word' id='word_1_291' title='bbox 471 4683 500 4732; x_wconf 88' lang='lat' dir='ltr'>V.</span> <span class='ocrx_word' id='word_1_292' title='bbox 520 4685 542 4732; x_wconf 82' lang='lat'>3.</span> <span class='ocrx_word' id='word_1_293' title='bbox 563 4685 622 4742; x_wconf 77' lang='lat'>1543</span> <span class='ocrx_word' id='word_1_294' title='bbox 639 4686 684 4731; x_wconf 85' lang='lat' dir='ltr'>cet.</span> 
     </span>
    </p>
   </div>
   <div class='ocr_carea' id='block_1_5' title="bbox 0 0 1712 5346">
    <p class='ocr_par' dir='ltr' id='par_1_10' title="bbox 0 0 1712 5346">
     <span class='ocr_line' id='line_1_37' title="bbox 0 0 1712 5346; baseline 0 0"><span class='ocrx_word' id='word_1_295' title='bbox 0 0 1712 5346; x_wconf 95' lang='lat' dir='ltr'> </span> 
     </span>
    </p>
   </div>
  </div>
 </body>
</html>
