3380 5346
719 383 781 447 117

158 564 194 628 in
217 585 252 628 re
277 587 343 629 non
367 566 567 651 argumentis
590 566 751 652 utrimque
773 567 953 651 perpensis,
974 569 1030 631 sed
1050 567 1150 631 animi
1169 566 1354 631 affeetudu·

161 685 271 751 cimnr.
295 687 343 751 At
367 688 469 752 multo
493 687 610 752 rectius
632 687 711 752 haec
735 691 774 753 de
798 709 831 752 se
852 688 922 772 ipsa
941 688 1026 752 dicet
1043 687 1159 772 puella.
1179 686 1355 753 APhaone

160 807 284 872 deserta
316 807 401 872 ultro
433 830 471 873 eo
503 809 640 874 debebat
668 810 742 874 duei
765 815 803 875 ut
825 831 858 874 se
880 809 950 894 ipsa
973 809 1168 894 exploraret,
1192 812 1231 874 ut
1249 832 1355 874 secum

160 932 323 1014 reputaret
347 931 502 1016 numquid
525 930 608 996 forte
632 932 858 1016 commisisset,
883 952 947 1017 quo
970 931 1111 996 Phaonis
1135 953 1242 997 amore
1265 933 1355 998 uide·

159 1053 248 1116 retur
269 1052 415 1137 indigna.
441 1051 503 1117 Sed
527 1053 609 1118 nihil
629 1053 694 1118 tale
714 1054 917 1132 inueniebat,
943 1054 1064 1119 nullius
1086 1055 1133 1118 rei
1156 1055 1356 1120 sibiconscia

161 1176 247 1253 erat,
279 1174 320 1239 ob
353 1197 449 1260 quam
481 1175 581 1259 digna
611 1179 693 1240 esset
716 1197 771 1240 eur
794 1199 814 1240 a
838 1175 969 1241 Phaone
992 1175 1167 1261 fugeretur.
1193 1176 1265 1242 Hoc
1287 1178 1357 1242 eret

161 1295 349 1376 dicendum,
382 1296 444 1362 hoc
473 1320 493 1362 a
522 1298 646 1383 poetria
678 1303 795 1363 sortem
823 1321 914 1363 suam
937 1302 1090 1384 querente
1114 1299 1353 1384 exspectaueris.

160 1417 265 1484 Multo
287 1418 388 1504 igitur
411 1420 524 1484 melior
547 1424 580 1485 et
601 1420 712 1505 utique
734 1441 813 1484 sana
835 1419 943 1484 euadit
963 1421 1141 1498 sententis,
1154 1421 1355 1506 silegamns:

365 1540 442 1608 Non
465 1546 574 1606 tamen
599 1545 720 1608 inuenio
747 1564 804 1608 cur
826 1562 885 1627 ego
910 1541 1010 1627 digna
1036 1540 1117 1627 fugi.

207 1665 260 1727 Vs.
286 1663 363 1727 219.
387 1660 460 1728 Hoc
485 1684 611 1728 serron
636 1683 781 1727 messes
804 1683 965 1729 csvnsms
991 1684 1151 1728 uprsrvus
1175 1684 1281 1729 urosr.
1304 1663 1358 1730 Sic

161 1789 209 1850 est
230 1786 386 1850 traditum
408 1786 443 1850 in
461 1787 511 1873 f.;
534 1786 570 1850 in
594 1785 641 1850 H.
664 1789 697 1850 et
718 1786 757 1852 F.
781 1789 829 1850 est
851 1786 905 1850 Ah
930 1785 1018 1871 [Ha]
1043 1788 1169 1864 salum,
1189 1786 1225 1849 in
1243 1785 1356 1870 pleris-

160 1929 222 1994 que
250 1906 277 1973 0
298 1906 426 1975 Saltem.
451 1907 512 1974 Sed
536 1907 692 1973 uocabulo
716 1908 786 1974 Hoc
809 1908 865 1993 (se.
890 1910 946 1972 »te
966 1907 1084 1992 fugisse
1102 1906 1169 1972 Pel.
1189 1906 1356 1993 Sappho”)

160 2051 267 2095 carere
291 2029 422 2094 minime
444 2050 630 2115 possumus,
655 2051 727 2094 cum
753 2034 835 2096 dhar
857 2051 914 2114 per
937 2052 970 2094 se
993 2028 1196 2094 manifestum
1217 2051 1284 2093 non
1304 2030 1355 2093 sit.

160 2151 229 2217 Neo
249 2174 306 2217 our
324 2153 420 2216 nimis
438 2152 471 2216 id
491 2173 618 2236 prosam
639 2173 749 2236 sapere
768 2151 887 2216 iudicet
905 2149 1068 2215 Baehrens
1079 2150 1099 2213 l.
1115 2151 1136 2214 l.
1149 2173 1182 2235 p.
1196 2152 1238 2215 67
1252 2151 1355 2217 uideo.

206 2273 257 2340 Vr
289 2295 366 2337 nnn
398 2274 587 2338 Levcsursn
620 2294 699 2337 rnre
725 2294 892 2339 PETANTVR
916 2293 1020 2351 eoves
1045 2273 1106 2358 (us.
1132 2273 1211 2358 220)
1235 2272 1355 2337 locutio

87 2425 90 2432 ·
162 2395 331 2460 uidebatur
350 2395 486 2460 Heinsio
505 2399 569 2460 tam
591 2396 740 2474 insolita,
762 2398 799 2459 ut
821 2396 997 2480 genuinam
1021 2417 1090 2459 eam
1110 2415 1283 2479 agnoscere
1301 2395 1356 2458 uix

161 2522 286 2602 posset;
310 2518 386 2582 item
410 2518 607 2583 ebiudieauit
623 2518 779 2602 epistulae
797 2522 901 2583 totum
921 2518 983 2582 hoe
1002 2517 1162 2582 distichon
1179 2515 1353 2582 Bentleius.

161 2639 324 2704 Baehrens
353 2661 466 2705 sanare
496 2639 601 2705 noluit
630 2639 737 2704 locum
769 2640 924 2704 mutando
948 2642 1025 2728 faro
1051 2652 1202 2728 petantur
1223 2639 1259 2703 in
1282 2664 1357 2705 cura

160 2774 304 2849 puatur:
337 2761 457 2827 scilicet
488 2784 505 2826 e
527 2784 590 2826 uss.
620 2763 680 2826 165
706 2784 775 2848 sqq.
799 2783 951 2847 apparere
975 2764 1014 2826 de
1037 2761 1123 2826 malo
1146 2760 1246 2825 saltus
1269 2759 1357 2825 exitu

163 2884 371 2968 cogitandum
393 2905 460 2948 non
483 2906 558 2949 esse

208 3005 292 3071 Fata
313 3020 414 3094 petere
436 3006 618 3072 illustratur
639 3006 716 3074 Her.
741 3006 867 3074 XVIII.
894 3008 958 3071 118
982 3028 1047 3092 sq:

299 3126 417 3203 Quodsi
440 3115 536 3213 quam
559 3129 677 3208 sciero,
701 3129 834 3206 moriar,
860 3128 1070 3207 mihicrede,
1095 3128 1243 3191 dolendo.

344 3251 536 3315 Iamdudum
559 3273 672 3336 pecca,
697 3252 724 3316 si
747 3274 818 3316 mea
839 3250 908 3316 fata
929 3250 1021 3336 petis.

207 3373 291 3438 Fato
319 3387 421 3461 petere
450 3375 558 3458 igitur'
580 3379 630 3439 est
658 3388 788 3441 mortem
821 3387 961 3464 oppetere
968 3400 980 3451 ,·
1012 3352 1138 3457 optime
1159 3392 1236 3437 uero
1260 3373 1357 3437 etiarn

163 3500 237 3581 post
255 3519 319 3560 uss.
343 3496 406 3561 165
426 3519 495 3582 sqq.
517 3496 620 3561 dicere
640 3497 797 3581 poetriam
815 3502 875 3560 »ut
893 3500 1028 3560 mortem
1049 3499 1199 3581 oppetam
1217 3516 1275 3579 per
1294 3493 1358 3558 sal·

163 3621 232 3682 tum
263 3619 303 3682 de
333 3617 490 3684 Leucate”
523 3619 641 3684 docent
671 3623 704 3682 et
726 3641 773 3684 us.
799 3618 864 3682 219
888 3618 1079 3684 uocabulum
1102 3620 1232 3683 miserae
1255 3617 1359 3682 etus.

166 3739 230 3803 189
253 3762 319 3825 sq:

300 3861 353 3927 An
376 3865 484 3947 potes,
510 3884 529 3927 o
552 3863 691 3948 seopulis
715 3866 863 3950 undaque
885 3864 1021 3928 ferocior
1042 3864 1116 3944 illa,

345 3983 379 4049 Si
403 3985 537 4069 moriar,
561 3985 693 4050 titulum
718 3988 830 4051 mortis
856 3986 974 4052 habere
998 3989 1108 4052 meae?

209 4104 253 4170 Et
282 4106 385 4171 multo
415 4107 527 4172 melius
554 4113 586 4172 et
608 4112 798 4193 argumento
823 4130 896 4172 uere
919 4108 1094 4172 dramatico
1118 4109 1359 4174 conuenientius

162 4228 198 4291 in
221 4227 285 4291 fine
308 4228 463 4312 epistulae
486 4229 532 4292 ait
556 4231 679 4313 poetria
702 4230 932 4314 desperationis
954 4230 1050 4314 plena
1075 4252 1108 4294 se
1130 4231 1195 4294 iam
1214 4233 1359 4314 paratam

164 4370 231 4412 esse
266 4353 307 4414 ad
341 4373 465 4415 summa
498 4351 663 4415 subeunda
697 4351 856 4436 pericula,
893 4354 930 4415 ut
964 4352 1096 4416 miserae
1132 4352 1193 4416 sibi
1224 4355 1360 4415 mortem

164 4475 312 4553 quaeret,
355 4493 450 4555 qnam
494 4471 614 4536 diceret
655 4494 688 4536 se
722 4473 771 4537 uti
805 4470 887 4535 uelle
925 4471 1065 4536 remedio
1100 4471 1157 4534 illo
1192 4470 1361 4555 flagrantis

167 4610 293 4656 amorrs.
