3380 5346
749 402 813 465 103

176 557 357 669 ‘Bulagoras
380 588 488 650 tamen
510 583 742 668 Phanagoritcs
765 585 798 647 et
820 582 974 667 Rhodope
994 581 1147 646 Amisene
1166 579 1286 644 frustra
1298 581 1375 645 sunt

103 735 105 740 ·
181 705 303 789 experti
335 705 468 792 saltum;
500 707 632 791 uterque
662 705 747 769 enim
781 704 816 768 in
845 725 882 769 eo
914 707 962 768 est
992 705 1146 768 mortuus.
1171 701 1239 768 Nec
1262 701 1377 767 melior

181 825 299 911 obtigit
329 848 396 892 sors
430 825 570 893 Obarino
596 827 775 891 iamborum
799 829 929 911 poetae,
956 825 1010 910 qui
1034 841 1110 891 cum
1129 825 1243 890 insano
1267 824 1374 890 Erotis

180 971 288 1014 amore
311 953 423 1035 captus
444 950 480 1014 in
504 949 586 1014 mari
607 949 783 1027 mersisset,
806 947 908 1012 fracto
928 969 1018 1012 crure
1038 948 1079 1010 ad
1096 946 1174 1011 litus
1191 948 1240 1010 est
1259 946 1373 1031 appul-

181 1091 234 1134 sus
257 1069 364 1154 ibique
385 1069 492 1135 dolore
512 1069 676 1136 confectus
695 1069 785 1134 obiit.
806 1066 997 1134 Felicissime
1017 1071 1128 1133 contra
1148 1067 1256 1132 euenit
1275 1065 1374 1132 Nireo

181 1191 306 1256 cuidam
338 1189 497 1269 Octaueo,
529 1192 585 1276 qui
615 1213 671 1276 per
701 1213 773 1256 eum
802 1191 919 1255 saltum
950 1211 1017 1254 non
1046 1188 1149 1254 solum
1180 1190 1228 1252 est
1258 1187 1375 1252 amoris

182 1314 271 1376 aestu
302 1311 472 1391 liberatus,
504 1313 558 1377 sed
591 1311 688 1376 etiam
719 1311 834 1376 incidit
864 1311 899 1375 in
929 1314 1014 1388 rete,
1042 1310 1077 1373 in
1110 1330 1173 1394 quo
1203 1309 1283 1373 cista
1306 1310 1375 1373 erat

182 1434 251 1498 auri
274 1432 428 1520 plena1):
453 1435 491 1499 de
513 1455 577 1519 quo
599 1435 706 1519 lepida
727 1434 837 1498 fabula
859 1455 878 1498 a
901 1432 1083 1498 Ptolemaeo
1106 1436 1264 1496 narratur.

227 1554 274 1620 At
303 1578 371 1621 non
402 1558 522 1635 solum,
556 1557 611 1642 qui
643 1556 756 1622 misero
795 1576 902 1620 amore
931 1554 1139 1640 laborabant,
1177 1575 1210 1618 se
1245 1554 1293 1634 de
1317 1552 1373 1618 illo

182 1679 404 1763 promunturio
430 1662 623 1744 deiciebantr
644 1699 713 1743 mos
736 1678 832 1742 etiam
854 1715 895 1726 -
917 1681 955 1742 ut
972 1676 1035 1740 iam
1057 1698 1152 1760 supra
1173 1675 1310 1740 diximus
1331 1713 1372 1724 —

182 1803 251 1866 erat
278 1801 314 1865 in
337 1799 500 1886 Apollinis
531 1802 619 1866 cultu
651 1800 837 1880 institutus,
861 1801 898 1863 ut
921 1798 1094 1885 quotannis
1117 1819 1237 1862 nocens
1259 1796 1374 1882 aliquis

182 1922 278 1987 homo
298 1922 375 1988 mali
393 1923 625 1988 auerruncandi
643 1923 748 2008 gratie
759 1922 834 1986 inde
845 1922 880 1986 in
892 1943 978 1985 marc
990 1919 1252 2005 praecipitaretur
1266 1919 1291 2003 ²)
1302 1941 1310 1995 ;
1323 1917 1374 1983 cui

182 2047 309 2129 tamen,
334 2066 375 2109 ne
398 2044 585 2109 obrueretur
612 2044 778 2122 fluctibus,
803 2043 931 2128 plumae
955 2045 987 2106 et
1010 2063 1084 2106 aues
1108 2039 1371 2124 subligabantur‚

183 2187 317 2250 quarum
348 2166 457 2230 uolatu
488 2165 706 2231 subleuaretur
733 2165 849 2242 saltus3
874 2162 960 2228 infra
984 2164 1091 2227 autem
1114 2161 1373 2245 excipiebatura
1455 2245 1457 2248 .

184 2287 293 2352 multis
317 2287 501 2353 hominibus
524 2287 559 2351 in
583 2286 741 2351 nauicuh's
764 2285 925 2372 dispositis
953 2286 985 2348 et
1008 2287 1165 2369 quantum
1190 2281 1258 2347 fieri
1279 2284 1372 2366 pote·

183 2414 235 2474 rat
256 2409 363 2474 saluus
387 2413 478 2474 extra
500 2409 640 2475 ciuitatis
662 2408 742 2473 fines
767 2407 982 2472 deducebatur
1006 2404 1144 2492 (Strabo,
1169 2404 1212 2470 X.
1235 2427 1266 2490 p.
1280 2402 1371 2490 452).

228 2529 375 2596 Fortasse
406 2535 438 2596 et
467 2531 716 2596 inueniebantur
739 2529 795 2615 qui
819 2532 860 2594 ad
883 2528 1099 2614 expiationem
1121 2527 1210 2590 illam
1233 2525 1373 2591 subcun-

183 2652 257 2716 dam
288 2675 322 2717 ιθ
352 2656 569 2738 auctorarcnt,
603 2652 623 2716 i.
651 2673 678 2718 c.
704 2673 737 2716 se
757 2651 848 2735 quasi
871 2650 1047 2714 uenderent
1054 2669 1063 2726 ;
1089 2670 1169 2733 quae
1193 2650 1300 2712 tomen
1324 2668 1375 2711 res

183 2773 218 2836 in
250 2773 347 2838 dubio
375 2776 528 2839 uersatur.
552 2773 655 2838 Locus
677 2773 763 2837 enim
786 2772 842 2836 ubi
864 2772 897 2835 id
920 2771 1059 2836 traditur
1082 2768 1185 2857 (Seru.
1210 2770 1251 2833 ad
1274 2768 1373 2854 Verg.

185 2895 267 2960 Aen.
300 2895 360 2960 llI.
395 2897 473 2979 279)
494 2896 582 2961 uarie
605 2894 723 2980 legitur
746 2896 779 2958 et
801 2893 993 2978 explicatur,
1016 2893 1064 2956 ita
1087 2896 1125 2956 ut
1147 2891 1314 2956 diiudicari
1335 2890 1375 2954 de

185 3038 222 3080 ea
245 3038 279 3081 re
303 3020 450 3101 nequeat.
475 3015 576 3081 Addit
599 3022 705 3081 autem
729 3015 857 3082 Seruius
874 3015 896 3078 l.
909 3015 932 3080 l.
953 3014 1021 3078 lieri
1040 3013 1131 3078 illum
1157 3013 1274 3078 saltum
1298 3034 1373 3098 pro·

184 3140 255 3223 pter
286 3137 446 3203 Leucaten
477 3139 647 3223 quemdam
678 3159 813 3222 puerum
844 3137 917 3222 qui,
942 3157 1014 3200 cum
1041 3135 1159 3220 Apollo
1183 3156 1255 3199 eum
1278 3134 1376 3199 uellet

184 3237 311 3342 rapere{
343 3248 378 3323 in
410 3280 496 3323 marc
526 3259 601 3322 inde
630 3281 662 3323 se
694 3258 861 3343 proiecerit
883 3260 1087 3341 montemque
1111 3276 1290 3340 cognomen
1313 3253 1375 3319 sibi

184 3381 303 3447 feeerit.

230 3501 364 3567 Photius
395 3502 531 3586 denique
562 3503 621 3567 sub
653 3525 683 3566 u.
708 3501 872 3577 Aeoacqur
896 3464 1008 3566 narrat
1030 3501 1116 3585 ipsos
1138 3498 1300 3584 Apollinis
1323 3519 1374 3563 aa·

183 3624 324 3688 cerdotes
356 3643 389 3687 sc
415 3623 456 3686 ab
479 3623 536 3686 illo
559 3623 781 3708 promunturio
805 3623 925 3688 deicere
949 3622 1058 3686 solitos
1082 3621 1188 3686 fuisse.
1214 3618 1305 3695 Quod
1325 3621 1374 3682 ta·

184 3767 258 3809 men
290 3767 332 3809 cn
361 3765 471 3808 reuera
504 3744 551 3808 ita
583 3744 626 3808 sit
660 3744 801 3822 factum,
825 3743 957 3807 minime
979 3745 1124 3810 constat:
1149 3741 1266 3806 mutati
1289 3740 1375 3804 enim

184 3886 221 3929 eo
245 3865 316 3930 loco
340 3887 359 3930 a
382 3864 548 3931 nonnullis
572 3867 648 3930 sunt
670 3866 755 3944 ἱερεῖς
779 3865 815 3928 in
839 3862 983 3944 ἐραστάς.

218 4226 243 4286 l)
262 4225 329 4274 Miro
352 4225 421 4274 modo
444 4223 555 4274 Hardicn
579 4223 622 4273 l.1.
638 4240 661 4289 p.
680 4225 729 4274 260
746 4239 775 4272 ex
791 4224 835 4272 hec
851 4222 931 4273 fabule
947 4222 1041 4273 studuit
1057 4223 1148 4270 efficere
1164 4219 1283 4286 Apollinis
1300 4233 1376 4267 secer·

184 4309 251 4357 dotes
267 4307 412 4365 instituisse,
431 4309 459 4355 ut
475 4305 517 4370 qui
534 4306 608 4355 saltus
624 4305 760 4372 perieulum
776 4306 853 4354 lacere
869 4305 973 4362 nollent.
992 4304 1096 4353 remedio
1112 4305 1191 4352 tamen
1206 4301 1273 4351 illius
1281 4302 1377 4367 possent

184 4389 248 4449 frui,
269 4389 290 4438 si
307 4404 418 4453 magnam
434 4387 546 4454 pecuniae
563 4403 680 4436 summum
697 4387 723 4437 in
740 4403 805 4436 mere
821 4387 930 4436 iecissent
935 4409 942 4446 ;
960 4403 1020 4450 quac
1037 4385 1127 4435 scilicet
1142 4387 1223 4449 postea
1240 4399 1253 4431 a
1270 4382 1377 4431 sacerdo·

185 4471 248 4522 tibus
265 4471 413 4537 exciperetur
432 4487 445 4519 c
462 4470 523 4519 mari
540 4473 564 4519 et
582 4470 607 4518 in
624 4470 731 4535 ipsorum
748 4486 819 4519 uuum
837 4472 1025 4519 conuerteretur.

219 4555 247 4619 2)
263 4556 317 4620 Quo
337 4556 427 4618 spectat
443 4569 463 4601 θ,
481 4568 503 4616 g.
522 4553 569 4601 Ou.
588 4551 660 4601 Triat.
678 4552 707 4601 V.
726 4552 748 4601 2.
768 4551 811 4604 76:
837 4552 881 4601 Vel
889 4553 962 4617 freto
979 4550 1093 4600 madii
1108 4549 1195 4598 mittar
1211 4547 1237 4596 in
1254 4549 1309 4597 alta
1325 4547 1375 4605 cle-1⁸5

187 4637 251 4686 Fert.
268 4637 298 4684 ll.
317 4636 375 4692 630,
395 4638 440 4683 cot.
