3380 5346
753 376 818 441 143

180 559 276 644 Trag.
305 558 398 626 Rom.
422 581 454 643 p.
481 559 557 626 231.
583 559 627 646 8).
665 559 708 624 Et
730 559 808 644 quid
828 561 960 626 tandem
985 583 1024 626 ex
1047 561 1201 627 eiusmodi
1227 561 1377 627 obserua-

181 681 269 745 tione
303 680 461 746 efficitur?
511 679 597 746 Talis
632 681 768 759 locutio,
805 703 887 766 quae
922 686 1091 768 argenteae
1126 684 1240 754 aetatis
1275 684 1378 768 poetis

180 803 355 869 communis
394 809 441 869 est
471 803 645 889 plerisque,
678 824 734 869 our
765 804 877 888 nequit
908 804 1039 889 probari
1073 805 1099 869 si
1132 805 1216 890 apud
1246 807 1375 889 poetam

180 924 292 990 aetatis
323 947 437 990 aureae
460 926 555 991 semel
579 925 760 1004 inuenitur,
786 948 891 1011 aquo
916 949 986 991 eam
1011 929 1218 1011 sumpserunt
1240 925 1377 992 fortasse

179 1049 392 1115 recentiores?
427 1048 561 1114 Nullum
593 1050 678 1114 enim
712 1052 834 1116 certum
860 1050 1015 1116 habemus
1037 1049 1192 1115 indicium
1216 1050 1287 1134 quis
1311 1050 1378 1134 pri-

182 1195 253 1237 mus
284 1195 353 1237 eam
384 1173 419 1237 in
451 1195 542 1237 usum
575 1173 798 1238 introduxerit.
835 1171 902 1238 Neo
934 1174 1103 1258 quicquam
1133 1173 1226 1238 uideo
1250 1173 1377 1238 obstare

181 1293 351 1379 quominus
374 1299 406 1359 et
429 1293 591 1359 Nasonem
615 1295 676 1360 hoc
698 1295 854 1360 uocabulo
878 1317 971 1360 usum
995 1317 1061 1360 esse
1080 1295 1290 1379 arbitremur,
1304 1315 1376 1359 oum

179 1417 212 1480 id
245 1439 312 1506 non
341 1417 388 1481 ita
418 1418 519 1482 multo
550 1420 625 1502 post
654 1440 726 1482 eum
751 1441 770 1482 a
792 1416 903 1482 multis
927 1420 1117 1503 usurpatum
1144 1439 1210 1483 esse
1233 1420 1374 1493 constet;

180 1542 265 1622 apud
297 1536 434 1605 Graecos
465 1561 540 1605 uero
564 1543 674 1624 poetas
694 1539 792 1621 χέλυς
817 1562 875 1623 pro
899 1541 968 1626 lyra
992 1541 1089 1606 fuerit
1111 1540 1377 1620 usitatissimum,

179 1661 277 1726 immo
308 1661 348 1726 ab
378 1662 449 1746 ipsa
468 1661 639 1748 Sapphone
663 1660 715 1748 (fr.
741 1661 839 1729 XLV.
866 1661 986 1748 Bergk)
1011 1663 1224 1728 consimiliter
1250 1663 1378 1728 adhibi-

181 1788 268 1860 tum3
300 1786 417 1849 testudo
450 1788 555 1849 autam
587 1805 624 1848 ea
656 1783 787 1849 notione
817 1784 882 1848 iam
908 1807 927 1848 a
949 1783 1053 1868 poetis
1076 1783 1192 1849 Ouidio
1217 1783 1376 1868 prioribus

182 1905 306 1991 saepius
329 1906 370 1970 sit
393 1906 523 1972 dictum.

226 2026 336 2112 Aeque
359 2049 396 2091 ao
419 2028 522 2114 chelyn
545 2027 685 2093 alienum
708 2027 749 2092 ab
775 2025 889 2092 Ouidio
912 2027 1067 2094 iudicauit
1092 2027 1164 2092 Birt
1184 2027 1377 2093 uocabulum

181 2153 332 2216 barbitos:
374 2134 538 2216 »barbitos
574 2149 679 2216 aliena
714 2150 755 2215 ab
791 2149 906 2215 Ouidio
942 2151 1107 2235 postisque
1142 2150 1192 2215 his
1228 2150 1377 2216 omuibus

181 2277 306 2358 praeter
338 2273 418 2338 mele
449 2272 565 2338 Horati
596 2273 744 2360 (recurrit
767 2274 851 2358 apud
876 2271 1115 2358 Olaudianos)’'.
1153 2272 1200 2336 At
1221 2293 1279 2336 cur
1302 2275 1377 2336 tan·

181 2394 252 2458 dem
286 2394 421 2459 Horatio
447 2393 473 2480 1)
508 2394 600 2459 licuit
634 2395 682 2460 uti
715 2395 772 2460 illo
807 2395 982 2472 uocabulo,
1018 2416 1085 2459 non
1119 2393 1210 2458 licuit
1242 2392 1376 2473 Ouidio,

181 2515 349 2601 praecipue
377 2516 433 2582 ubi
458 2517 527 2601 agit
551 2517 590 2582 de
613 2517 737 2602 poetria
760 2515 929 2594 Lesbiaoa,
956 2516 1025 2596 cui,
1048 2516 1095 2580 ita
1117 2517 1208 2580 utet
1231 2517 1377 2582 Anacre-

182 2637 270 2715 onti,
294 2637 443 2703 barbiton
468 2638 564 2703 fuisse
586 2639 838 2704 instrumentum
862 2641 955 2704 docet
977 2636 1162 2703 Athenaeus
1185 2637 1244 2702 IV.
1267 2659 1295 2702 o.
1308 2638 1377 2702 8οῗ

179 2758 232 2826 Ad
266 2762 392 2847 qualem
427 2785 503 2829 uero
539 2766 691 2828 euentum
725 2764 844 2828 ducant
878 2761 1033 2828 eiusmodi
1064 2760 1304 2826 obseruationes
1336 2764 1375 2824 de

179 2885 335 2950 uocabulo
359 2884 466 2970 aliquo
490 2885 586 2950 semel
611 2886 696 2970 apud
720 2887 848 2970 poetam
868 2884 970 2962 lecto,
990 2884 1135 2949 uidemus
1153 2883 1189 2947 in
1209 2883 1374 2960 Palmam,

178 3007 291 3093 quiin
316 3007 420 3072 Praef.
445 3009 486 3072 ad
510 3005 617 3072 Ouidii
640 3007 718 3072 Her.
740 3031 772 3092 p.
792 3006 892 3083 VIII,
914 3008 1027 3072 contra
1048 3006 1217 3091 epistulam
1231 3010 1376 3070 nostram

179 3129 302 3214 profert
330 3152 454 3194 moeror
484 3131 543 3214 (us.
579 3129 656 3216 117)
689 3131 774 3214 apud
805 3126 954 3192 Ouidium
987 3149 1052 3192 non
1082 3127 1239 3192 inueniri!
1283 3126 1375 3203 Ouod

181 3251 294 3316 uellem
316 3273 381 3317 uon
403 3255 520 3316 temere
538 3251 706 3316 excidisset
724 3250 794 3316 uiro
814 3252 854 3314 de
874 3248 980 3314 Ouidii
1002 3248 1236 3334 Epistulistam
1248 3247 1375 3332 egregie

179 3373 302 3438 merito.
323 3372 452 3438 Etenim
472 3396 544 3439 cum
567 3373 700 3438 Ouidius
719 3376 751 3438 et
769 3395 904 3438 moerere
916 3371 1013 3436 uerbo
1026 3374 1201 3436 etmoestoe
1214 3370 1372 3435 adiectiuo

180 3496 289 3559 utatur
313 3496 509 3581 saepissime,
540 3519 663 3561 maeror
687 3499 793 3560 autem
815 3495 891 3559 inde
915 3495 954 3558 ab
979 3493 1085 3558 Ennio
1113 3491 1309 3557 sexcentiens
1333 3492 1374 3556 ab

179 3618 328 3683 omnibus
360 3618 426 3684 fere
455 3621 488 3684 et
518 3617 616 3683 soluti
646 3620 679 3683 et
710 3617 809 3682 uincti
839 3616 993 3682 sermonis
1017 3615 1225 3701 scriptoribus
1250 3612 1374 3678 Latinis

179 3740 320 3818 dicatur,
353 3764 417 3842 quo
448 3742 581 3806 tandem
603 3740 672 3805 iure
697 3739 884 3824 prohibetur
906 3740 1001 3824 poeta
1024 3737 1198 3823 quominus
1219 3736 1254 3800 id
1277 3757 1374 3800 uoca-

179 3859 290 3924 bulum
323 3863 489 3941 adhiboat‚
520 3863 583 3928 nisi
613 3862 674 3927 hac
703 3863 774 3947 lege
806 3864 844 3926 ut
876 3860 925 3925 bis
956 3864 1045 3926 terue
1069 3859 1239 3925 minimum
1263 3861 1373 3923 eodem

178 3982 214 4046 in
249 3982 342 4047 uariis
365 3967 559 4050 carminibus
582 3984 630 4049 uti
653 3984 789 4049 debeat?
825 3982 920 4059 Quasi
944 4003 1020 4047 uero
1044 4004 1109 4047 non
1132 3981 1219 4048 facili
1242 3980 1373 4066 negotio

179 4105 266 4189 apud
295 4106 439 4190 quemuis
469 4107 655 4192 scriptorem
686 4127 805 4191 magna
835 4105 929 4171 series
959 4108 1067 4190 posset
1096 4104 1275 4170 enumerari
1300 4124 1373 4168 uer-

179 4229 292 4293 borum
316 4251 397 4313 quae
420 4230 516 4295 semel
540 4233 667 4296 tantum
690 4233 776 4314 apud
798 4250 870 4293 oum
893 4228 1055 4312 leguntur.

191 4409 381 4424 ...u-b--a--n

213 4513 237 4572 1)
256 4513 282 4562 (l.
300 4512 321 4562 I.
342 4512 363 4561 l.
382 4513 425 4562 34:
444 4509 560 4561 Lesboum
576 4512 673 4561 tendere
685 4510 806 4571 barbiton;
828 4508 946 4560 XXXII.
964 4511 997 4559 4:
1016 4507 1107 4560 barbita
1127 4535 1157 4545 ·-
1175 4505 1259 4562 Lesbio
1267 4505 1373 4572 primum

179 4594 299 4644 modulate
315 4594 371 4644 ciui.
