3386 5346
746 423 787 486 59

261 607 313 673 En
337 629 397 692 ego
412 647 452 656 -
468 609 621 673 confiteor
635 646 675 657 -
690 611 746 672 tua
769 629 839 672 sum
864 627 949 672 noua
972 610 1106 693 praeda,
1131 605 1265 692 Cupido.

53 689 54 692 Ὺ
167 728 241 795 am.
266 730 311 796 Π.
340 730 391 796 17.
419 731 455 795 5:

259 851 367 937 Atque
391 853 515 918 utinam
539 853 687 918 dominae
711 853 781 918 miti
804 875 931 940 quoque
954 853 1072 939 praeda
1094 852 1234 917 fuissem.

214 973 263 1039 De
295 977 397 1039 uenire
428 974 525 1039 uerbo
560 997 632 1039 cum
649 975 773 1040 'datiuo
797 997 872 1039 casu
896 975 1067 1040 coniuncto
1092 975 1233 1040 collectis
1257 973 1367 1038 Ouidii

169 1097 323 1181 exemplis
346 1095 447 1162 fusius
471 1097 539 1181 egit
562 1095 712 1161 Heinsius
737 1096 778 1160 ad
801 1094 877 1162 Her.
903 1094 959 1160 [V.
986 1096 1062 1162 113.

215 1341 272 1407 Vs.
299 1340 352 1405 52.
378 1339 463 1416 Quin
488 1362 563 1406 ursi
589 1362 653 1406 cvu
675 1341 808 1406 Lasso?
833 1340 964 1406 Sicanis
992 1361 1067 1404 ussa
1087 1343 1185 1406 voto!
1208 1341 1248 1406 cf.
1269 1341 1366 1406 Trist.

168 1462 231 1528 ΙΙΙ.
248 1464 298 1529 ll.
315 1462 376 1527 55:
401 1462 484 1538 Quid
503 1463 583 1527 mihi
604 1484 675 1528 cum
692 1461 805 1528 Siculis
817 1464 902 1528 inter
915 1463 1142 1548 Scythiamque
1156 1460 1335 1547 Getasque?

169 1582 246 1650 Her.
271 1583 331 1649 IV.
358 1584 421 1649 107
446 1606 510 1669 rq.:

397 1707 462 1772 Hic
486 1711 591 1772 tecum
617 1706 777 1773 Troezena
801 1708 922 1785 colem,
947 1706 1088 1772 Pittheia
1110 1727 1226 1793 regna:

443 1828 513 1894 lam
538 1836 625 1895 nu'nc
648 1832 696 1894 est
720 1829 824 1914 patria
847 1829 970 1914 gratior
992 1828 1049 1893 illa
1071 1850 1150 1892 mea.

172 1950 250 2015 Her.
274 1949 486 2036 V1.-47=q.:

399 2073 481 2149 Quid
505 2073 583 2138 mihi
603 2096 674 2138 curn
694 2073 831 2158 Minyis,
855 2074 932 2160 quid
953 2096 1026 2139 curn
1046 2072 1211 2137 Tritonide
1229 2073 1333 2158 pinu?

447 2193 530 2270 Quid
554 2196 614 2260 tibi
638 2219 710 2262 cum
734 2197 856 2281 patria,
881 2197 993 2261 nauita
1017 2195 1140 2281 Tiphy,
1166 2197 1260 2260 mea?

218 2313 370 2382 Oiofanus
390 2319 482 2383 docte
502 2341 579 2383 sane
599 2319 639 2382 ad
658 2341 704 2383 us.
726 2323 873 2384 nostrum
893 2319 1044 2385 adnotat:
1066 2318 1184 2402 >fingit
1203 2317 1368 2382 Phaonem

173 2438 221 2502 ita
263 2439 479 2523 loquentem”‚
519 2442 605 2524 quod
641 2440 733 2505 aliter
769 2441 921 2525 explicari
955 2440 1069 2524 nequit
1103 2439 1166 2504 nisi
1200 2439 1370 2503 statuendo

173 2559 338 2626 Oiofanum
375 2561 436 2626 hoc
460 2585 507 2626 us.
530 2584 588 2646 pro
613 2562 718 2627 Sicelis
742 2563 871 2647 legisse:
897 2563 1017 2628 &culus
1047 2563 1097 2647 (ut
1120 2562 1224 2626 estin
1247 2562 1311 2646 p,).
1327 2598 1368 2607 -

174 2682 227 2746 Ad
258 2682 345 2746 hunc
377 2705 423 2747 us.
448 2683 586 2748 amantis
611 2684 743 2748 affectus
768 2686 833 2748 tam
859 2684 1020 2769 praeclare
1042 2683 1238 2747 indicantem
1262 2683 1370 2767 inepte

174 2808 269 2890 rogat
299 2803 339 2870 K.
372 2804 483 2870 Riedel
518 2805 601 2890 (Der
630 2810 851 2892 pcpcawdrtipe
883 2807 986 2871 Staad
1008 2809 1063 2871 der
1087 2802 1371 2893 Sapphofru9c11,

173 2951 205 3012 p.
233 2927 304 3012 11):
342 2927 413 2991 »Ist
432 2927 524 3011 nicht
548 2931 602 2992 der
627 2927 707 2993 Vers
732 2929 792 3012 52,
818 2930 872 2992 der
896 2928 946 2992 die
968 2927 1157 3012 angeblicho
1180 2926 1280 2991 Fahrt
1304 2927 1370 3006 [der

173 3046 301 3132 Sappho
335 3048 418 3113 nach
442 3048 585 3134 Sicilien]
612 3043 797 3114 motivieren
823 3049 900 3126 soll,
925 3048 1191 3133 hohnsprechend
1211 3047 1368 3132 jeglicher

174 3169 430 3248 Frauenwtirde‚
451 3171 486 3255 ja
509 3174 666 3255 geradenu
690 3171 937 3236 abschculich?''

218 3291 317 3356 Eue.
343 3293 384 3355 52
409 3296 593 3378 comparato
617 3315 690 3358 cum
710 3292 869 3358 Chronico
893 3293 987 3358 Pario
1011 3291 1173 3358 XXXVI.
1196 3291 1257 3370 51,
1279 3292 1371 3356 Wel-

177 3414 251 3479 cker
278 3416 330 3497 (kl.
359 3416 444 3480 Scir.
471 3414 510 3479 ll.
536 3439 565 3501 p.
594 3416 655 3500 82,
682 3417 715 3500 2)
740 3415 864 3480 studuit
887 3414 1008 3479 efficere
1031 3413 1236 3500 Sapphonem
1260 3414 1293 3477 in
1320 3412 1370 3478 Si·
1461 3413 1463 3417 ’

174 3537 279 3601 ciliam
314 3537 481 3621 nauigasse
512 3540 549 3600 ut
581 3536 746 3602 Phaonem
776 3537 823 3602 ihi
852 3541 1102 3601 commorantem
1134 3536 1256 3600 adiret:
1286 3537 1372 3619 quod

176 3659 359 3724 certissimis
383 3659 581 3743 argumentis
604 3662 711 3743 potest
734 3660 844 3726 refelli.
869 3658 954 3724 Nam
974 3681 1078 3743 neque
1098 3658 1185 3722 aliud
1203 3657 1372 3743 quiequam
1446 3709 1448 3714 ,

175 3779 299 3844 indicat
329 3779 453 3864 poetria
481 3801 573 3845 uersu
598 3784 707 3845 nostro
732 3781 794 3844 nisi
817 3780 954 3845 Lesbum
977 3781 1117 3846 insulam
1141 3780 1273 3845 Phaone
1297 3801 1373 3865 pro-

175 3899 260 3965 fecto
285 3923 351 3965 non
374 3901 438 3965 iarn
462 3904 589 3986 gratam
613 3902 673 3967 sibi
697 3924 781 3966 esse:
806 3902 898 3966 illum
918 3902 1023 3986 patria
1040 3902 1102 3966 sihi
1123 3923 1189 3967 esse
1202 3901 1371 3979 cariorem,

176 4021 226 4087 illi
250 4023 358 4087 omnia
382 4045 415 4087 se
439 4026 646 4109 postponere3
674 4046 733 4088 nec
756 4026 841 4089 recte
863 4027 957 4109 putat
980 4024 1132 4088 Welclrer
1155 4023 1189 4088 in
1213 4024 1252 4088 iis
1271 4021 1373 4088 Chro-

177 4145 243 4209 nici
275 4144 361 4209 Parii
390 4145 514 4210 uerbis:
547 4146 697 4224 »Σαπφώ
730 4146 766 4223 ἐγ
796 4147 975 4221 Μιτυλήνης
994 4146 1043 4226 ,εἰς
1070 4145 1216 4222 Σικελίαν
1242 4145 1373 4210 ἔπλευσε

178 4265 349 4347 puechoff
375 4305 417 4315 -
442 4265 574 4346 Φεύγειν
605 4288 697 4352 posse
729 4266 810 4345 dici,
836 4267 960 4332 etiamsi
987 4287 1052 4331 non
1077 4267 1112 4331 in
1136 4265 1267 4332 exilium
1291 4267 1373 4330 esset

213 4582 238 4642 1)
256 4581 305 4646 Qui
328 4580 423 4630 libellus
445 4583 522 4630 exstat
543 4580 581 4630 in:
601 4581 658 4628 XII
671 4579 873 4630 raam-Beiram
889 4581 930 4630 dcc
946 4578 1165 4643 Realyymnaeiumr
1181 4592 1212 4627 cu
1232 4576 1374 4640 Waidhosen

177 4682 204 4715 a.
222 4665 246 4714 d.
268 4665 358 4731 Thuyn.
375 4666 461 4728 Iylau,
480 4664 553 4714 1881.
571 4679 595 4730 p.
614 4663 703 4714 1-3o.
