3380 5346
915 405 980 471 106

395 584 450 651 Vs.
487 586 561 652 184.
591 585 759 653 Oonvnrrr
785 605 860 650 mna
889 605 986 663 unu,
1012 603 1173 648 couvnurr
1197 602 1272 647 uus
1297 604 1375 648 run.
1400 585 1441 651 cf.
1465 583 1538 650 Am.

349 706 392 772 II.
418 707 449 775 5.
475 709 536 774 31:

440 829 529 896 Haeo
553 830 614 896 tibi
637 835 712 896 sunt
735 852 879 910 meeum,
903 829 985 895 mihi
1007 831 1084 895 runt
1107 829 1288 896 communia
1312 831 1427 895 tecum.

350 950 392 1017 cf.
416 955 590 1018 eommunia
612 975 741 1018 munera
764 975 812 1020 us.
839 953 913 1018 181.

358 1075 360 1078 ’
398 1072 638 1139 Pentametrum
662 1074 714 1139 hio
737 1074 892 1139 habemus
916 1074 998 1138 mori
1022 1072 1180 1138 Ouidiauo
1205 1072 1232 1136 si
1256 1071 1332 1157 quid
1356 1071 1441 1171 aliud
1467 1093 1542 1137 oon·

351 1195 557 1276 sentaneum‚
589 1195 701 1260 fiotum
735 1195 888 1260 nimirum
920 1195 964 1259 sio
986 1197 1024 1260 ut
1046 1193 1143 1279 plane
1165 1193 1227 1258 sibi
1249 1193 1333 1257 inter
1356 1214 1389 1257 se
1411 1212 1541 1278 respon-

352 1315 450 1379 deant
480 1315 592 1380 ambae
623 1315 690 1380 eius
710 1318 847 1400 partes,
868 1337 933 1380 uno
957 1319 1066 1380 tamen
1090 1315 1261 1380 distinctae
1284 1313 1453 1381 uocabulo.
1477 1315 1540 1378 uid.

352 1435 392 1499 ad
424 1457 471 1500 us.
505 1436 566 1512 403
598 1434 826 1522 Esohenburg‚
855 1437 876 1504 l.
901 1436 922 1503 l.
947 1459 979 1522 p.
1004 1438 1056 1502 24.
1081 1435 1181 1502 Nullo
1205 1435 1304 1520 igitur
1325 1435 1395 1500 iure
1418 1457 1543 1501 asseue-

352 1555 438 1620 rauit
460 1556 587 1622 Palmer
610 1557 657 1644 (in
678 1557 753 1623 edit.
778 1557 910 1624 Heroid.
935 1557 1028 1625 Ouid.
1053 1581 1085 1643 p.
1110 1557 1182 1643 VII)
1206 1558 1297 1623 illum
1323 1580 1451 1623 uersum
1475 1579 1542 1624 esse

352 1676 451 1741 talem
475 1679 602 1762 qualem
626 1679 681 1744 uix
705 1680 861 1764 potuisset
883 1681 1018 1746 seribere
1042 1679 1192 1746 Ouidius!

397 1796 454 1864 Vs.
481 1799 557 1865 188.
580 1798 729 1865 Heinsius
752 1802 896 1866 codicum
918 1801 1105 1868 lectionem:
1125 1801 1173 1865 Er
1197 1821 1328 1866 rosusn
1348 1821 1482 1866 unsrrrs
1503 1823 1543 1866 rv

353 1940 429 1982 urar
465 1919 621 1988 Puonsvs
653 1942 727 1986 sais
757 1924 883 2008 egregie
915 1922 1054 1988 mutauit
1083 1923 1268 1989 scribendo:
1297 1923 1345 1988 Er
1370 1944 1479 1988 rosus
1506 1943 1544 1987 nr

353 2061 489 2106 usa1r1s
513 2046 584 2121 cet,
609 2047 791 2129 comparato
815 2044 893 2112 Her.
918 2043 974 2111 VI.
1003 2046 1065 2112 83:

489 2163 558 2230 Nec
579 2164 661 2230 faeie
684 2165 869 2251 meritisque
891 2165 1015 2251 placet,
1039 2167 1094 2230 sod
1118 2165 1259 2231 carmina
1282 2166 1385 2232 nouit.

399 2285 563 2352 Baehrens
595 2287 618 2353 l.
650 2286 672 2352 l.
704 2311 736 2373 p.
770 2289 812 2353 63
844 2287 1010 2353 contendit
1037 2289 1073 2353 in
1104 2287 1240 2353 lectione
1269 2288 1326 2352 illa
1348 2289 1389 2354 ab
1411 2287 1546 2353 Heinsio

354 2410 519 2494 proposita
549 2409 677 2495 »inepte
709 2412 928 2496 absurdequc”
959 2412 1022 2477 diei
1045 2411 1249 2498 Sapphonem
1262 2388 1380 2476 'sanari
1403 2411 1545 2476 Phaonis

354 2531 486 2628 forma.
506 2532 703 2617 coniecitque
738 2553 831 2618 ergo:
868 2534 913 2599 Et
947 2557 1036 2599 curae
1071 2537 1190 2600 meritis
1224 2546 1260 2600 ta
1294 2534 1372 2598 mibi
1406 2537 1465 2598 cet.
1499 2531 1547 2598 At

354 2656 550 2718 monendum
574 2654 629 2718 uix
652 2656 787 2718 estnon
810 2653 907 2719 fuisse
930 2653 1099 2719 Heinsium
1123 2654 1232 2719 iudicii
1256 2656 1322 2718 tam
1344 2654 1468 2738 »inepti
1486 2654 1544 2719 ab·

355 2774 526 2860 surdique’'
551 2780 587 2840 ut
609 2775 711 2840 simile
736 2775 856 2860 aliquid
879 2778 991 2859 poetae
1015 2747 1208 2841 obtruderet.
1234 2773 1325 2852 Quod
1348 2776 1547 2861 quomodoe

356 2895 461 2960 uerbis
489 2896 554 2961 illis
584 2896 724 2981 potuerit
758 2895 879 2961 efficere
909 2896 1072 2961 Baehrens
1098 2918 1165 2961 non
1197 2898 1307 2961 uideo:
1340 2896 1547 2962 manifestum

355 3017 440 3081 enim
465 3020 514 3082 est
536 3016 741 3102 Sapphonem
765 3016 827 3083 hoo
850 3040 943 3083 uersu
967 3018 1129 3103 eleganter
1153 3019 1320 3103 designare
1344 3021 1422 3083 duas
1444 3017 1547 3104 Apol-

355 3138 430 3204 linis
461 3139 597 3204 uirtutes
626 3139 826 3225 praecipuas,
861 3140 1108 3224 pulcritudinem
1143 3143 1175 3205 et
1209 3160 1302 3224 opem
1338 3139 1544 3206 salutiferam.

357 3257 437 3325 (lum
462 3281 538 3345 crgo
561 3261 624 3325 iam
649 3265 744 3325 antea
768 3264 828 3346 (us.
855 3263 910 3347 23)
935 3261 1050 3326 dixerit
1069 3261 1198 3347 Sappho
1218 3260 1383 3327 Phaonem
1400 3283 1468 3326 esso
1481 3265 1548 3327 tam

356 3381 528 3447 formosum
561 3385 598 3446 ut
633 3380 686 3445 uel
717 3380 883 3446 Phoebum
920 3383 1157 3468 aequipararet,
1195 3404 1267 3447 eum
1305 3382 1405 3468 igitur
1435 3383 1548 3468 pulcri·

356 3503 467 3568 tudine
507 3503 567 3567 sibi
609 3524 675 3568 esse
716 3506 881 3588 tamquam
922 3503 1105 3588 Phoebum,
1149 3525 1236 3569 nunc
1269 3504 1359 3569 iubet
1400 3526 1472 3569 eum
1516 3505 1550 3569 et

356 3628 488 3702 meritis,
513 3625 545 3690 h.
576 3647 604 3690 e.
635 3629 666 3691 et
697 3625 830 3690 ferenda
861 3647 921 3710 ope
951 3624 1116 3691 salutifera
1148 3625 1199 3690 dei
1228 3623 1315 3689 illius
1342 3625 1412 3690 uice
1434 3624 1546 3712 fungi,

357 3750 394 3811 nt
424 3749 456 3812 et
485 3746 531 3812 ita
560 3747 621 3813 sibi
652 3748 711 3812 fiat
738 3769 812 3812 uere
842 3747 999 3813 Phoebus.
1030 3746 1120 3823 Quod
1152 3750 1218 3811 tam
1250 3749 1384 3812 uenuste
1406 3746 1467 3812 hoo
1498 3770 1545 3812 us.

356 3873 405 3933 est
439 3869 577 3954 dictum,
611 3872 649 3935 ut
684 3869 763 3954 quin
798 3873 883 3934 reete
913 3869 1091 3934 emendarit
1123 3867 1274 3934 Heinsius
1309 3868 1455 3933 dubitare
1491 3890 1545 3934 ne·

358 4012 481 4076 queam.

402 4233 459 4300 Vs.
484 4235 547 4300 189
572 4257 617 4320 sq.
644 4234 695 4300 Au
709 4255 825 4314 conns,
840 4257 858 4300 o
872 4254 1024 4300 soouvurs
1037 4253 1187 4306 vnnruvn
1201 4253 1362 4298 rnaocma
1375 4253 1468 4314 inus,

686 4355 721 4423 Si
746 4376 888 4440 uoarsn,
914 4377 1053 4422 rrrvuvu
1080 4376 1200 4421 nosris
1225 4330 1356 4419 nassas
1382 4359 1495 4422 unsel

403 4477 588 4544 lectionem
612 4502 630 4543 0
654 4479 784 4564 scopulis
807 4481 949 4565 cordaque
967 4479 1106 4565 ferocior
1127 4479 1182 4544 illu
1202 4477 1365 4562 improbat
1387 4477 1548 4543 Baehrens

358 4597 381 4662 1.
406 4598 427 4662 l.
453 4621 484 4684 p.
508 4600 552 4664 63
562 4645 570 4677 ,
594 4598 649 4683 qui
672 4597 822 4662 obseruat
840 4601 964 4686 petram
976 4598 1166 4666 Leucadiam
1179 4620 1251 4667 cum
1263 4598 1344 4666 mari
1355 4599 1502 4687 apposito
1514 4599 1548 4664 iu
