3380 5346
879 341 941 408 100

356 524 399 593 Vs
431 527 626 592 169-170:

401 648 474 715 Nae
507 668 596 714 noae
613 649 636 734 ¹)
667 669 790 715 vassus
819 669 908 713 anea
934 669 1023 714 mair
1049 647 1419 713 auarissianraaula

446 771 616 850 Psoroan,
641 770 833 837 Devoarnou
860 792 938 836 mnu
966 791 1108 836 navarus
1134 791 1219 834 narr.

356 892 409 958 Sic
440 894 567 978 egregie
598 893 750 958 exhibent
781 892 827 958 H.
860 897 892 959 et
922 893 971 976 F.⁷
1008 892 1070 957 nisi
1100 893 1186 977 quod
1217 894 1294 956 noto
1320 912 1424 955 errore
1449 910 1507 974 pro

311 1016 481 1080 bethelme
512 1015 633 1080 habent
664 1017 810 1080 letissimo
838 1015 885 1098 (et
907 1015 942 1078 in
966 1015 1004 1078 F.
1030 1035 1088 1099 pro
1113 1015 1177 1079 abit
1201 1016 1248 1078 est
1272 1013 1353 1077 sieut
1374 1011 1410 1075 in
1435 1011 1510 1075 reli-

311 1136 383 1221 quis
413 1138 504 1223 erat).
536 1139 573 1201 In
605 1137 764 1222 plerisque
796 1136 898 1214 codd,
932 1135 1112 1220 compendii
1136 1134 1286 1200 nimirum
1312 1133 1422 1219 culpa,
1450 1154 1507 1218 pro

312 1281 419 1324 wreus
454 1261 502 1323 est
533 1261 650 1335 iassae,
676 1261 778 1336 abac,
803 1261 919 1336 laetae,
944 1261 1015 1336 eet,
1041 1259 1074 1321 et
1098 1259 1198 1342 tetigit
1220 1278 1279 1341 pro
1301 1258 1398 1344 figit,
1420 1257 1506 1341 quod

313 1379 391 1444 olim
422 1379 602 1464 explicandi
633 1379 738 1464 gratia
769 1400 865 1464 supra
889 1381 966 1466 flpit
998 1377 1095 1443 fuisse
1120 1377 1273 1462 scriptum
1298 1377 1509 1463 probabiliter

314 1501 429 1564 statuit
452 1498 615 1565 Baehrens
639 1501 661 1564 l.
686 1499 707 1568 l.
733 1524 765 1586 p.
793 1501 843 1564 62.
871 1499 909 1565 In
928 1503 960 1587 f.
986 1521 1061 1568 uero
1085 1500 1234 1565 librarius
1246 1520 1304 1584 pro
1311 1502 1388 1588 figit
1400 1500 1513 1584 legens

308 1625 398 1709 fugit
420 1626 538 1688 temere
561 1623 791 1708 interpolauit:

426 1744 494 1811 Nee
517 1766 606 1810 mora
629 1768 739 1810 uersus
763 1767 851 1810 amor
874 1744 962 1830 fugit
984 1745 1161 1811 lentissima
1190 1745 1284 1810 mersi
1310 1748 1386 1823 cet,

314 1868 401 1953 quod
432 1871 591 1953 quomodo
622 1869 706 1933 tueri
735 1868 900 1953 potuerint
921 1868 1070 1933 nonnulli
1094 1891 1162 1934 non
1185 1869 1296 1934 uideo:
1321 1869 1405 1934 inest
1429 1868 1515 1933 eninr

314 1990 350 2054 in
382 2012 419 2054 ea
450 1988 587 2055 lectione
616 1990 743 2054 iteratio
774 1989 1016 2069 molestissima,
1050 1991 1219 2056 batiaeimc
1252 2029 1293 2040 -
1327 1990 1407 2055 miro
1439 1989 1517 2055 ratis

315 2113 412 2175 modo
445 2111 530 2176 narb
557 2112 709 2192 πρόληψιν
731 2112 775 2177 sie
799 2112 919 2176 dictum
949 2151 984 2162 -
1011 2135 1105 2178 sensu
1129 2113 1262 2178 omnino
1288 2114 1391 2191 earet,
1417 2133 1517 2197 aeque

319 2253 356 2297 ao
379 2255 485 2298 uersas
504 2257 611 2311 amor,
637 2255 709 2297 eum
734 2254 823 2298 amor
845 2233 892 2298 ita
916 2256 983 2298 non
1007 2237 1151 2300 uertatur
1175 2236 1229 2300 sed
1247 2237 1363 2313 eesset;
1378 2233 1516 2319 denique

317 2376 588 2438 superuacaneum
618 2375 747 2439 prorsus
771 2358 819 2420 est
842 2377 960 2421 nomen
983 2355 1160 2421 Deucalion
1174 2356 1211 2443 2).
1236 2356 1328 2432 Quod
1351 2379 1424 2421 eum
1451 2355 1516 2420 iam

317 2474 393 2539 olim
417 2476 548 2541 uidisset
572 2475 740 2554 Heinsius,
764 2477 862 2542 uariis
885 2478 1075 2543 lectionibus
1098 2479 1182 2542 inter
1205 2477 1518 2564 secomparatis‚ex

318 2597 499 2662 coniectura
522 2597 668 2683 scripsit:

408 2717 476 2784 Nec
499 2741 588 2784 mora
612 2742 721 2785 uersus
745 2742 834 2785 amor
857 2721 965 2806 tetigit
989 2721 1166 2787 lentissima
1189 2723 1331 2807 Pyrrhae
1359 2723 1419 2787 eet.

363 2839 454 2916 Quod
484 2844 590 2907 autem
614 2842 669 2907 ille
692 2843 892 2927 sagacissime
914 2843 1055 2908 restituit
1080 2844 1290 2910 confirmatur
1316 2865 1403 2908 nune
1427 2841 1517 2906 Har-

317 2963 422 3028 leiano
453 2966 485 3028 et
515 2962 667 3028 Fuldensi
697 2967 801 3043 codd,
832 2965 867 3028 in
899 2965 1014 3050 quibus
1038 2969 1148 3030 eadem
1175 2965 1271 3052 plane
1299 2987 1446 3050 expressa
1470 2967 1519 3029 est

318 3085 485 3150 sententia.
513 3088 590 3173 fipit
620 3086 655 3150 in
685 3087 724 3151 iis
755 3086 908 3172 scriptum
941 3110 1000 3172 pro
1032 3091 1132 3173 recipit
1164 3088 1217 3174 (of.
1242 3086 1317 3152 Met.
1352 3086 1410 3151 IX.
1438 3087 1516 3172 720)

318 3205 561 3290 praeferendum
593 3207 739 3286 uidetur,
769 3209 868 3275 satius
900 3232 956 3274 our
974 3210 1062 3295 fugit
1084 3209 1120 3273 in
1138 3210 1169 3295 f.
1196 3209 1237 3274 sit
1260 3208 1388 3273 illatum
1415 3207 1517 3292 expli·

319 3349 405 3392 cans.
429 3325 531 3392 Amor
547 3331 625 3416 fipit
648 3329 785 3413 aliquem
810 3331 926 3395 dicitur
949 3352 975 3396 e.
1001 3350 1032 3414 g.
1057 3328 1097 3394 Α.
1123 3329 1164 3395 Α.
1191 3331 1218 3395 I.
1244 3331 1305 3395 23:

473 3446 542 3523 Quo
567 3471 617 3513 me
641 3449 712 3514 fixit
735 3449 854 3530 Amor,
879 3473 942 3536 quo
968 3473 1017 3516 me
1043 3451 1214 3516 uiolentius
1238 3451 1328 3516 ussit.

319 3568 392 3637 Am.
417 3569 460 3634 H.
486 3571 517 3636 9.
543 3570 581 3649 b,
606 3575 664 3636 oet.
689 3573 854 3637 Praesenti
879 3575 987 3637 autem
1005 3575 1083 3660 figit
1095 3573 1232 3657 tempori
1245 3573 1519 3638 accommodatum

321 3714 359 3757 ex
387 3693 434 3758 H.
466 3714 524 3777 pro
557 3695 675 3759 leuatae
706 3708 774 3760 crat
806 3695 981 3780 recepimus
1013 3695 1132 3759 bootae
1157 3697 1238 3779 obit5
1263 3695 1307 3759 sie
1335 3695 1419 3760 enim
1444 3694 1521 3758 olim

320 3814 417 3879 fuisse
440 3815 594 3900 scriptum
618 3819 761 3901 apparet.

366 3935 414 4001 De
444 3936 509 4002 illis
530 3937 735 4003 Deucalionis
760 3938 965 4025 Pyrrhaeque
990 3941 1151 4005 amoribus
1175 3939 1412 4005 nihilomnino
1437 3944 1522 4027 apud

320 4060 442 4123 ueteres
473 4058 641 4142 scriptores
671 4060 765 4124 nobis
795 4061 933 4126 traditur
965 4061 1027 4126 nisi
1058 4061 1119 4127 hoc
1152 4062 1231 4127 loco.
1257 4061 1326 4128 Nee
1350 4063 1523 4129 coniuncta

320 4179 522 4266 reperiuntur
554 4202 663 4245 eorum
686 4182 818 4245 nomina
843 4182 904 4246 nisi
926 4183 960 4247 in
985 4185 1063 4247 nota
1087 4183 1200 4247 diluuii
1224 4184 1335 4269 magni
1358 4183 1467 4249 fabula
1491 4186 1524 4249 et

354 4386 379 4446 1)
399 4387 448 4434 Nec
468 4400 547 4443 mora,
567 4384 655 4434 Ouidio
673 4384 799 4434 tritissima
817 4385 918 4444 locutio,
937 4387 991 4434 Am.
1013 4386 1033 4434 I.
1053 4387 1075 4435 6.
1096 4388 1139 4445 13;
1160 4388 1199 4436 11.
1218 4387 1262 4443 19,·
1280 4388 1331 4437 ΙΙΙ.
1349 4388 1372 4441 l.
1391 4390 1435 4447 8l;
1448 4389 1478 4439 l.
1490 4391 1523 4440 Α.

337 4503 344 4518 .
364 4469 425 4528 146;
445 4472 491 4517 cel.

323 4470 335 4519 Ι
354 4551 382 4617 2)
400 4551 436 4600 Of.
455 4551 545 4599 Theod.
564 4549 633 4607 Birt,
652 4551 717 4599 Mus.
735 4550 814 4599 Rhen.
836 4549 950 4599 XXXII.
969 4566 992 4614 p.
1011 4552 1071 4599 400.
1090 4567 1114 4602 a.
