3380 5346
767 405 809 469 75

188 590 347 675 sopieum,
379 591 416 654 ut
447 610 519 654 eum
545 588 755 653 dormienhem
778 587 985 653 oscularetur.
1010 586 1078 652 Alii
1101 590 1235 652 narrant
1257 592 1382 668 Iouem,

188 713 244 776 aut
273 711 373 797 ipsius
404 711 550 796 precibus
579 712 774 776 eommoaum
799 708 964 794 (Apollod.
989 708 1016 774 Ι.
1044 709 1073 774 7.
1099 708 1144 795 5),
1169 714 1225 774 aut
1247 709 1382 790 iratum,

185 835 289 917 quod,
321 833 355 896 in
380 830 552 917 Olympum
585 854 603 896 a
638 854 671 897 se
705 835 869 917 receptus,
906 829 1022 895 Iunoni
1057 830 1125 894 uim
1160 829 1264 895 faeere
1299 834 1383 897 esset

187 956 320 1020 conatus
343 952 462 1039 (Schol.
488 952 648 1019 Theocrit.
669 952 730 1019 III.
749 954 825 1041 49),
838 956 1027 1037 perpetuum
1039 973 1188 1017 somnum
1209 950 1238 1016 ei
1250 952 1383 1018 dedisse.

234 1182 291 1248 Vs.
306 1184 360 1274 9‘3.
385 1180 412 1247 0
433 1203 494 1248 rec
519 1203 626 1248 aenve
652 1203 802 1262 waratus,
828 1203 890 1248 uec
909 1201 967 1246 ma
981 1203 1082 1268 evea,
1097 1202 1205 1247 vr1a1s
1226 1202 1327 1247 aeras
1341 1179 1380 1270 ¹).

189 1304 230 1372 ef.
254 1304 331 1370 Met.
352 1304 429 1372 VII.
451 1304 510 1371 54:
535 1304 650 1370 Frater
667 1307 766 1371 adhue
784 1307 911 1392 infern
932 1304 976 1394 X.
998 1304 1082 1371 615:
1103 1305 1166 1370 Sed
1184 1308 1267 1392 qaod
1285 1305 1385 1370 adhue

187 1451 268 1517 puer
289 1440 342 1493 eet.
374 1451 437 1493 rora
463 1451 511 1493 ma
542 1441 644 1493 mouet
672 1430 753 1516 ipae,
786 1430 839 1493 aed
869 1441 971 1504 aeca33
996 1426 1073 1494 XII.
1099 1427 1183 1492 464:
1208 1428 1277 1492 huie
1299 1440 1384 1493 aetra

190 1553 271 1616 inter
293 1553 488 1637 iuuenemque
511 1570 686 1637 serzemque3
711 1549 798 1615 Fast.
824 1550 886 1615 III.
915 1550 981 1615 773
1004 1571 1069 1635 eq.:

326 1670 400 1737 Siue
422 1659 506 1757 qued
530 1673 597 1756 ipse
620 1693 699 1756 puer
722 1693 846 1755 semper
869 1671 1056 1756 iuuenisque
1078 1672 1211 1752 uideris,

370 1792 415 1858 Er
439 1793 543 1858 media
567 1798 615 1858 eet
636 1796 723 1858 aetas
745 1793 831 1858 inter
854 1795 1024 1878 utrumque
1047 1793 1116 1858 eibi.

190 1915 232 1982 ef.
257 1919 288 1981 et
311 1914 410 2000 Verg.
434 1914 516 1980 Aen.
542 1914 603 1980 XI.
629 1915 690 1982 70:
720 1913 779 1980 Cur
800 1937 895 2003 reque
912 1915 1025 2003 falqor
1043 1917 1160 1995 adhue,
1180 1919 1308 1982 raedam
1328 1941 1385 1982 eea

186 2037 298 2124 forma
318 2038 446 2102 recessit.
514 2057 575 2100 Nae
608 2055 668 2101 1AM
701 2057 785 2100 pree
817 2037 935 2103 dictum
961 2040 1009 2102 eet
1039 2042 1075 2102 ut
1098 2036 1138 2104 A.
1152 2033 1192 2103 A.
1217 2037 1261 2103 II.
1287 2037 1330 2104 93
1354 2041 1387 2104 et

191 2158 269 2225 Mea.
295 2157 388 2224 VHI.
414 2158 494 2223 231:
520 2157 567 2223 Aa
590 2162 681 2243 pater
702 2158 834 2238 infelix,
859 2181 918 2224 nee
940 2159 1003 2223 iam
1026 2163 1138 2245 pater.
1155 2159 1273 2226 ...Sie
1287 2184 1387 2249 paene

187 2303 268 2368 puer
290 2278 368 2344 Met.
392 2279 452 2346 IX.
479 2280 563 2365 3983
588 2301 626 2345 ex
650 2279 744 2345 Pont.
768 2279 826 2346 IV.
854 2280 904 2345 12.
933 2282 985 2346 20.

238 2401 383 2467 Ausonio
408 2402 508 2468 menei
532 2403 717 2468 obuersatus
741 2425 808 2469 ease
830 2404 956 2469 uidetur
979 2404 1032 2469 hie
1049 2421 1177 2470 uersus:
1199 2404 1234 2469 in
1253 2403 1387 2470 Mosella

192 2545 238 2589 ue.
275 2524 354 2589 129:
394 2523 456 2605 Qui
484 2526 610 2589 necdum
640 2524 764 2604 Sabaeo,
788 2529 927 2591 neriam
952 2525 1062 2605 Salar,
1086 2527 1305 2613 ambiqaueque
1327 2528 1388 2591 eet.

193 2646 258 2711 uid.
284 2646 362 2711 Lud.
391 2645 545 2712 'fressin
569 2650 739 2711 comment.
764 2647 805 2711 ad
830 2646 952 2712 Auaron.
977 2646 1036 2712 loe.

240 2767 330 2834 Nihil
360 2789 435 2832 uero
466 2768 502 2832 in
532 2768 594 2833 hoe
627 2790 672 2833 us.
696 2768 800 2833 inesse
823 2768 933 2846 uideo,
959 2768 1045 2853 quod
1068 2768 1185 2834 rustice
1210 2767 1388 2853 Ouidioque

194 2891 326 2975 indigne
350 2890 469 2956 dierum
493 2890 596 2969 foret,
619 2912 717 2976 quere
741 2911 851 2955 seuero
874 2889 922 2954 illi
944 2890 1062 2955 iudicio
1086 2912 1105 2955 a
1128 2889 1281 2955 Teuffelio
1301 2889 1387 2956 farao

198 3011 276 3100 (uid.
300 3013 352 3077 ad.
376 3035 423 3080 ua.
450 3013 506 3098 24)
530 3012 678 3077 assentiri
701 3012 831 3077 minime
855 3034 994 3097 possum.

242 3225 299 3292 Vs.
325 3228 381 3291 94.
406 3225 553 3292 Onacvs
578 3247 680 3300 Areva
705 3245 781 3291 aev1
807 3244 928 3290 emma
953 3245 1064 3290 meaa
1089 3246 1152 3290 ev1.
1178 3224 1218 3290 ef.
1243 3246 1281 3289 ex
1293 3224 1387 3289 Pone.

196 3347 238 3413 ΙΙ.
264 3350 293 3414 8.
321 3347 381 3412 25:
397 3399 404 3412 .
420 3399 428 3414 .
442 3395 473 3414 ..
498 3349 588 3414 saecli
609 3351 697 3414 deeaa
720 3350 820 3413 nostri
828 3369 837 3424 3
861 3345 939 3412 Met.
963 3345 1040 3412 XII.
1067 3347 1149 3413 178:

426 3467 452 3534 Ο
475 3469 613 3535 facunde
636 3491 747 3547 senex,
772 3469 842 3533 aeui
865 3468 1037 3554 prudentia
1059 3466 1172 3532 nostri.

185 3589 292 3678 'Tn'sa
317 3589 359 3655 V.
385 3591 415 3655 2.
440 3592 501 3657 49:
527 3590 554 3655 Ο
578 3592 689 3674 decus,
715 3612 734 3656 0
757 3590 880 3676 patriae
902 3612 959 3675 per
981 3593 1014 3654 te
1036 3588 1179 3653 florenhis
1201 3588 1317 3674 imago.

196 3710 282 3776 Fast.
308 3710 367 3777 VI.
393 3713 476 3778 810:
500 3710 527 3777 Ο
554 3715 662 3796 decus,
688 3733 707 3776 0
731 3733 820 3776 saera
842 3711 962 3775 femina
985 3711 1083 3794 digna
1106 3710 1211 3776 domo.

197 3834 273 3899 Am.
297 3833 358 3899 ΙΙΙ.
384 3833 436 3898 15.
462 3836 498 3900 8:
524 3834 677 3926 Pelignae
699 3833 802 3918 gloria
825 3832 941 3917 gentis.

245 4044 301 4112 Va.
326 4046 379 4110 95.
404 4044 476 4111 Hve
501 4067 601 4124 Anae,
627 4048 663 4111 ua
682 4045 756 4111 Am.
782 4045 806 4110 I.
832 4047 862 4111 6.
888 4044 1016 4122 54311.
1044 4044 1095 4109 12.
1123 4044 1183 4121 16;
1206 4044 1312 4109 111.2.
1328 4045 1371 4110 46

199 4167 296 4235 Trist.
321 4167 367 4234 ‘V.
394 4171 424 4233 3.
450 4170 511 4247 43,
543 4173 602 4233 eet.
651 4188 749 4241 mave
780 4187 873 4233 smvs
907 4185 1077 4230 aenaeae
1108 4187 1166 4250 pro
1190 4167 1278 4232 celeri
1299 4189 1390 4232 rurae

201 4302 367 4374 reuertere,
394 4292 431 4353 ut
453 4288 530 4356 Her.
555 4289 597 4355 X.
624 4291 710 4356 149:

279 4482 284 4489 ,
338 4410 445 4476 Flecte
467 4412 587 4493 ratem,
611 4411 752 4490 Theseu,
777 4429 931 4495 aereoque
953 4410 1094 4475 relabere
1116 4411 1231 4475 uento!

238 4632 265 4698 1)
282 4633 311 4684 ri
330 4634 398 4684 ΔΑ.
415 4631 451 4682 11.
468 4629 530 4684 6671
554 4629 640 4690 Utile,
657 4645 671 4679 ο
688 4629 796 4690 mmor,
813 4633 858 4679 aut
875 4629 944 4690 hare,
961 4633 1006 4679 aut
1023 4628 1097 4680 aerior
1111 4632 1186 4678 artae.
