3380 5346
725 409 786 475 131

361 591 425 658 Det
447 598 558 658 uotam
582 593 712 660 Phoebo
735 593 846 659 Lesbis
870 598 977 658 amata
1001 595 1114 679 lyram.

154 711 241 788 Quae
265 714 379 792 uerba,
405 736 476 779 mea
500 715 628 799 quidem
652 716 827 794 sententia,
852 718 920 781 tam
943 716 1111 802 perspicua
1135 720 1256 782 suntet
1269 719 1354 783 dilu-

157 836 245 913 cida,
280 838 318 901 ut
352 837 547 902 dubitationi
580 837 685 902 locum
719 838 869 922 praebere
907 841 1081 923 nequeant.
1127 838 1233 904 Aliter
1268 841 1353 904 enim

155 956 306 1042 explicari
330 979 396 1022 non
419 961 554 1043 possunt
577 961 672 1044 atque
697 981 733 1024 eo
759 963 854 1024 modo
878 981 941 1045 quo
964 961 1033 1045 ipse
1056 959 1284 1027 Schneidewin·
1305 966 1354 1027 est

83 1109 85 1113 ·
154 1081 391 1165 interpretatus.
428 1079 512 1145 Nam
543 1085 593 1146 det
626 1103 662 1146 eo
693 1081 762 1146 loco
795 1103 867 1147 cum
900 1081 1059 1150 Franckio
1082 1081 1108 1168 ¹)
1132 1086 1255 1147 uertere
1278 1105 1352 1168 per:

153 1204 259 1289 iniquo
297 1207 448 1269 amatoris
485 1227 629 1292 responso
660 1217 787 1290 copulor
822 1208 913 1288 dure,
947 1226 1036 1270 error
1067 1208 1117 1270 est
1145 1204 1353 1285 manifestum

154 1326 243 1388 ortus
277 1345 294 1390 e
317 1325 555 1409 praeoccupatis
579 1325 801 1410 opinionibns;
826 1347 884 1390 nec
908 1326 1045 1410 petitum
1073 1327 1106 1390 id
1130 1348 1197 1392 esse
1220 1332 1353 1412 apparet

154 1467 193 1510 ex
224 1445 294 1530 ipso
321 1446 440 1532 elegiae
461 1447 633 1513 uerborum
656 1452 810 1513 contextu
835 1449 890 1513 sed
914 1470 931 1513 e
955 1471 1053 1533 praue
1077 1449 1249 1514 intellectis
1274 1450 1352 1514 ulti-

154 1567 214 1632 mis
237 1567 390 1652 epistulae
413 1568 567 1634 uersibus.

199 1688 291 1755 Vitns
322 1689 434 1768 Loers,
466 1692 522 1776 qui
552 1671 616 1755 iam
646 1691 820 1778 antea,}in
842 1692 986 1757 Prooem.
1013 1692 1053 1756 ad
1078 1690 1186 1756 Ouidii
1212 1691 1289 1760 Her.
1315 1716 1348 1777 p.

154 1809 277 1896 XLVI,
302 1813 468 1877 studuerat
490 1814 698 1898 comprobare
721 1812 840 1898 Sapph.
865 1835 914 1898 ep.
936 1835 1064 1878 uersum
1089 1814 1151 1878 181
1171 1834 1243 1877 cum
1257 1835 1351 1878 uersu

153 1933 210 1999 illo
242 1935 315 1998 Am.
349 1934 389 1999 11.
425 1936 476 2000 18.
509 1937 553 2001 34
583 1937 702 2021 optime
733 1956 928 2020 congruere,
962 1939 994 2000 et
1027 1939 1253 2020 argumentum
1279 1936 1354 2001 inde

155 2055 315 2140 petiuerat
346 2077 410 2140 qno
443 2057 595 2141 probaret
625 2057 794 2142 epistulam
826 2079 893 2122 csse
924 2057 1099 2141 genuinum
1123 2054 1231 2122 Ouidii
1253 2079 1350 2142 opus,

156 2178 333 2244 sentcntiae
356 2177 592 2245 Schneidewini
615 2180 746 2245 minime
769 2179 908 2245 accessit.
937 2178 1057 2244 Contra
1080 2180 1116 2243 in
1140 2177 1221 2243 Mus.
1246 2179 1350 2244 Rhen.

155 2300 196 2366 N.
210 2300 241 2368 S.
272 2300 329 2367 IV.
361 2323 393 2386 p.
418 2300 461 2366 45
492 2323 560 2386 sqq.
595 2300 780 2385 opinionem
812 2299 947 2386 protulit
976 2300 1132 2384 poetriam
1164 2300 1228 2364 iam
1260 2304 1352 2365 ante·

155 2444 251 2506 quam
284 2424 384 2488 saltus
415 2423 591 2508 periculum
622 2422 766 2502 fecisset,
800 2421 944 2487 faustum
967 2442 1155 2505 responsum
1180 2444 1199 2485 a
1222 2421 1353 2487 Phaone

157 2544 327 2628 accepisse,
360 2545 469 2630 itaque
500 2567 566 2610 non
598 2544 778 2620 desiluisse,
813 2546 868 2609 sed
898 2548 1004 2610 tamen
1038 2541 1185 2628 Apollini
1216 2546 1352 2609 donasse

155 2664 278 2750 lyram,
309 2688 405 2750 quam
437 2688 509 2732 cum
541 2665 681 2730 uouisset
705 2665 763 2729 deo
789 2664 817 2729 si
840 2663 987 2729 desiliens
1010 2664 1049 2729 de
1071 2664 1209 2730 Leucate
1234 2665 1352 2730 amoris

156 2789 246 2852 aestu
276 2786 388 2852 fuisset
418 2788 569 2872 liberata,
604 2786 725 2870 optimc
755 2785 821 2850 iam
848 2788 926 2850 tunc
957 2790 1064 2870 posset
1092 2788 1167 2851 dare
1190 2808 1263 2851 cum
1287 2786 1350 2851 alio

156 2909 294 2974 remedio
317 2931 417 2994 eoque
441 2909 570 2974 meliore
592 2909 692 2973 amori
717 2909 784 2973 eius
807 2907 918 2972 fuisset
942 2907 1135 2995 consultum.

200 3030 247 3096 At
268 3031 454 3116 diligentior
476 3030 684 3115 inuestigatio
708 3029 800 3094 aliter
823 3050 952 3114 prorsus
977 3051 1043 3094 sese
1066 3051 1133 3094 rem
1157 3029 1274 3095 habere
1295 3033 1352 3095 do·

156 3153 250 3218 cebit.
286 3153 430 3218 Primum
454 3153 557 3230 enim,
583 3156 619 3217 ut
641 3151 797 3236 sagaciter
821 3151 947 3215 monuit
970 3149 1167 3235 Comparetti
1191 3151 1247 3217 l.l.
1272 3173 1347 3237 pag.

160 3275 218 3354 15,
254 3275 281 3340 si
315 3273 446 3359 Sappho
478 3273 579 3357 lyram
610 3295 700 3338 suam
732 3273 824 3337 uouit
854 3271 1016 3358 Apollini,
1052 3273 1122 3357 ipsa
1153 3273 1199 3337 rei
1231 3276 1347 3338 natura

157 3396 297 3461 ostendit
318 3395 517 3461 referendum
539 3396 572 3460 id
596 3417 663 3460 esse
686 3395 726 3459 ad
750 3396 866 3461 saltum
890 3397 930 3459 de
953 3394 1089 3460 Leucate
1108 3395 1349 3479 promunturi03
1447 3419 1451 3426 ·

156 3518 259 3603 lyram
289 3518 390 3602 igitur
422 3517 532 3583 uoueri
561 3516 708 3602 Apollini
739 3517 911 3582 Leucadio:
939 3515 1025 3582 Nam
1048 3516 1103 3580 illc
1123 3516 1159 3580 in
1182 3537 1219 3580 eo
1242 3521 1350 3582 monte

157 3642 313 3727 templum
345 3641 485 3707 habebat
515 3639 763 3706 celeberrimum.
812 3638 881 3714 Quo
911 3638 1039 3723 respicit
1069 3636 1189 3723 Sapph.
1221 3659 1269 3722 ep.
1303 3660 1350 3704 us.

160 3762 224 3827 165
248 3785 315 3849 sq.:

156 3973 270 4040 epistulas
294 3975 399 4023 indicere
423 3974 457 4024 ibi
483 3977 591 4024 accurate
616 3974 726 4024 noluisse.
754 3973 828 4024 (luins
851 3973 887 4023 rei
904 3975 1071 4023 documentum
1088 3973 1176 4022 hebere
1192 3973 1237 4022 sibi
1254 3973 1351 4023 uidetur

158 4057 305 4108 Bodenstcin
321 4057 347 4106 in
366 4058 424 4107 Am.
446 4058 484 4107 11.
503 4059 542 4107 18.
560 4059 603 4107 21:

456 4140 505 4189 Ant
521 4141 584 4204 qnod
603 4139 732 4205 Penelopes
748 4139 827 4188 uerbis
845 4140 959 4188 reddetur
977 4139 1051 4188 Ulixi.

153 4223 251 4275 Scilicet
274 4223 299 4273 in
316 4240 344 4273 co
362 4239 433 4272 uersu
450 4222 511 4271 illud
529 4223 624 4272 reddere
640 4223 720 4272 minue
736 4225 844 4272 accurate
864 4239 913 4271 esec
931 4222 1033 4281 dictum,
1052 4221 1109 4286 quia
1126 4221 1228 4286 epistula
1245 4221 1288 4270 illa
1304 4219 1349 4269 mi·

155 4308 220 4357 nime
245 4306 319 4356 luerit
344 4304 505 4370 responsorie3
533 4306 629 4354 reddere
651 4297 732 4354 tamur
754 4304 860 4369 potnerit
878 4304 925 4353 dici
941 4307 1036 4353 tanturn
1053 4305 1082 4352 de
1100 4318 1219 4368 responso.
1239 4305 1276 4351 At
1292 4305 1350 4350 nota

157 4405 194 4440 res
218 4391 253 4438 cst
277 4389 403 4452 epistulam
429 4388 525 4437 reddere
540 4387 615 4436 atesi
631 4387 716 4436 Latine
732 4386 795 4436 nihil
810 4386 875 4436 alind
892 4385 1024 4450 significare
1041 4401 1114 4450 quem
1130 4386 1255 4449 φὶιίιιῖαηι
1270 4385 1293 4434 ci
1311 4384 1350 4432 cui

156 4473 190 4522 a'r
206 4471 322 4535 incripta
339 4472 441 4521 tradere.

191 4556 219 4620 1)
238 4557 267 4604 ln
292 4555 418 4604 Addcndis
443 4555 477 4603 ad
506 4551 640 4612 Gallicum,
667 4569 690 4618 p.
713 4555 737 4603 1.
755 4553 794 4603 ef.
812 4552 886 4603 etiam
905 4554 926 4602 1.
943 4554 971 4602 G.
990 4553 1065 4612 lehn,
1083 4552 1111 4602 de
1128 4551 1212 4601 Ouidii
1228 4553 1253 4600 et
1269 4549 1350 4601 Sebini

157 4637 265 4705 epistulis
282 4640 325 4687 cet.
344 4654 367 4703 p.
386 4639 426 4687 23.
444 4653 467 4687 n.
1240 4663 1244 4670 -
