3380 5346
907 416 970 483 116

378 601 434 668 Vs.
460 602 533 666 216.
561 603 637 668 Insa
663 622 759 666 naara
782 623 910 666 aarum
936 623 1018 666 vana
1044 623 1212 675 uuoarovn
1237 621 1336 667 unnv.
1367 599 1440 666 Vela
1453 602 1528 666 dure

332 747 374 792 so.
408 726 529 802 uentis,
562 729 599 790 ut
622 727 693 790 uela
716 726 894 803 remittere,
920 724 960 791 ef.
987 724 1062 789 Her.
1089 723 1147 790 VI.
1175 724 1236 801 57,
1265 723 1334 788 Met
1357 723 1420 788 III.
1447 723 1530 799 639,

332 847 426 913 VIII.
462 845 544 926 175,
576 847 670 913 Trist.
706 847 749 911 II.
783 847 867 924 548,
892 849 952 912 oet.

377 973 451 1057 tepet
481 972 564 1048 aeto,
598 971 751 1048 adducet,
782 969 953 1034 contrahet
984 968 1092 1054 (Trist.
1120 967 1190 1033 III..
1204 970 1234 1033 4.
1262 969 1337 1054 32),
1363 966 1404 1032 ef.
1431 964 1528 1050 Verg.

333 1091 448 1174 Georg.
472 1092 498 1157 Ι.
525 1092 589 1158 372
614 1114 681 1178 sq.:

606 1263 748 1282 .......
760 1219 856 1301 atque
880 1214 983 1280 omnis
1008 1215 1117 1279 nauita
1143 1219 1244 1299 ponto

602 1337 745 1402 Humida
768 1336 840 1403 uela
862 1337 941 1422 legit
965 1375 1006 1385 -

331 1473 435 1526 tenero
457 1484 554 1524 6666
576 1459 693 1527 dieitur
715 1463 793 1524 noto
816 1480 903 1523 more
926 1480 989 1544 quo
1011 1457 1081 1543 ipse
1100 1456 1223 1543 Cupido
1245 1462 1278 1522 et
1297 1457 1426 1536 omnia,
1451 1478 1532 1543 quae

332 1587 373 1647 ad
404 1605 476 1647 eum
506 1583 687 1668 pertinent,
718 1581 929 1647 nominantur
954 1584 1082 1663 tenera,
1107 1580 1208 1644 ueluti
1233 1581 1306 1646 Am.
1334 1580 1379 1659 II,
1405 1581 1457 1646 18.
1486 1580 1528 1658 4,

332 1702 373 1771 Α.
396 1703 437 1770 Α.
462 1703 487 1768 Ι.
515 1704 550 1790 7,
575 1701 662 1768 Fast.
687 1701 746 1767 IV.
774 1703 856 1781 196,
882 1705 941 1768 661.

377 1950 434 2017 Vs.
467 1951 542 2016 217.
578 1951 742 2016 Punnsors
772 1950 889 2015 dieitur
920 1950 1048 2035 Sappho
1072 1953 1202 2034 propter
1226 1949 1363 2015 Lesbum
1389 1949 1528 2015 insulam

332 2096 351 2137 a
378 2073 521 2158 Pelasgis
551 2072 628 2137 olim
652 2071 831 2136 habitatam
852 2077 884 2136 at
907 2093 926 2135 a
951 2071 1084 2136 Xantho
1110 2093 1220 2136 eorum
1242 2092 1317 2156 rege
1343 2071 1524 2158 Pelasgiam

331 2195 550 2266 nominatam:
574 2193 615 2259 ef.
641 2193 734 2258 Diod.
760 2192 800 2258 V.
826 2194 888 2277 81,
913 2192 997 2258 Plin.
1021 2191 1063 2259 N.
1087 2192 1130 2258 H.
1156 2191 1196 2258 V.
1223 2194 1277 2258 31.
1305 2195 1357 2259 39.

375 2315 432 2382 Vs.
463 2317 539 2382 218.
571 2315 646 2382 Non
678 2335 788 2379 ranan
820 2335 975 2378 rnvsnms
1005 2335 1067 2379 ova
1101 2335 1161 2379 sao
1194 2335 1295 2379 orosa
1327 2336 1421 2380 nvos.
1450 2314 1527 2382 Gor-

330 2441 458 2523 ruptam
488 2437 541 2502 hie
571 2436 683 2521 prooul
715 2437 811 2501 dubio
843 2435 996 2501 habemus
1028 2436 1198 2501 lectionem
1231 2437 1266 2501 in
1298 2437 1405 2502 uerbis
1433 2441 1531 2524 dipno

325 2562 417 2647 supa.
448 2558 577 2624 Etenim
608 2562 718 2644 dipem
749 2583 818 2623 rom
844 2559 928 2644 supa
960 2557 1090 2622 minime
1113 2562 1220 2642 potest
1243 2580 1310 2623 esse
1333 2562 1445 2645 dipnae
1471 2562 1526 2648 qai

324 2683 455 2769 sopior,
479 2681 534 2745 sed
556 2683 684 2745 tantum
707 2682 818 2765 (119666
842 2683 897 2766 qu'i
914 2680 1026 2765 saper,
1050 2683 1160 2767 quiin
1185 2681 1312 2746 exilium
1335 2685 1463 2761 mittar,
1492 2686 1528 2747 ut

330 2826 353 2868 6.
369 2824 403 2888 g.
427 2802 505 2868 Met.
529 2802 588 2868 XI.
614 2801 806 2881 281,Trist.
832 2800 889 2866 III.
913 2801 964 2866 14.
988 2803 1027 2880 9,
1048 2802 1100 2867 IV.
1125 2803 1175 2866 10.
1199 2802 1261 2879 90;
1285 2803 1528 2880 102,exPont.

329 2927 379 2992 IV.
415 2927 469 2991 13.
496 2926 551 2990 42.
571 2925 773 3010 Quapropter
796 2924 929 2989 omnino
962 2923 1184 3008 amplectenda
1213 2925 1341 2989 uidetur
1371 2926 1526 2990 eorrectio

319 3051 424 3134 'quam
447 3047 538 3133 inp,
559 3047 742 3111 inuenimus
766 3071 820 3112 our
842 3071 894 3132 epo
926 3049 1022 3132 dipno
1050 3065 1139 3110 svor.
1188 3077 1190 3082 ·

373 3169 498 3254 Dipans
520 3190 593 3234 eum
616 3167 782 3232 Infinitiuo
806 3167 944 3245 Passiui,
959 3172 996 3231 nt
1008 3189 1234 3252 saepenumero
1247 3171 1333 3253 apud
1346 3167 1518 3249 Ouidium,

327 3291 428 3356 ueluti
442 3289 486 3377 1);
518 3291 597 3356 Met.
632 3289 675 3355 II.
708 3291 771 3368 43,
801 3288 858 3354 IV.
892 3290 976 3368 320,
1001 3288 1077 3354 VII.
1103 3291 1186 3368 697,
1213 3290 1253 3353 Χ.
1281 3292 1366 3369 336,
1390 3290 1478 3357 Fast.
1503 3292 1528 3359 Ι.

327 3415 390 3498 88,
424 3416 483 3478 eet.
510 3451 550 3460 —
570 3415 646 3500 papi
675 3411 800 3496 passius
824 3410 946 3475 dietum
970 3415 1007 3475 ut
1033 3407 1097 3476 Cio.
1124 3410 1186 3495 leg.
1212 3409 1237 3475 I.
1266 3411 1318 3477 11.
1333 3412 1526 3489 313Heren.

326 3533 380 3600 IV.
407 3536 460 3600 38.
486 3534 548 3612 50,
574 3522 692 3599 Luean.
718 3532 744 3597 Ι.
772 3533 855 3610 166,
881 3531 965 3600 Stat.
986 3530 1087 3596 Theb.
1111 3532 1163 3597 IV.
1189 3533 1358 3612 285‚V11.
1376 3534 1451 3614 140,
1466 3539 1527 3600 eet.

373 3655 421 3721 At
445 3656 496 3720 uel
520 3656 584 3733 sie,
608 3677 659 3720 me
683 3654 811 3740 quidem
835 3654 958 3732 iudiee,
978 3652 1031 3719 hie
1053 3675 1164 3718 uersus
1186 3655 1331 3719 nondum
1356 3657 1441 3720 reete
1462 3678 1528 3722 sese

324 3779 432 3843 habet.
465 3776 613 3862 Namque
642 3776 799 3862 frigidum
830 3779 1002 3841 admodum
1033 3780 1066 3840 61
1086 3776 1244 3842 insulsum
1267 3780 1316 3842 est
1341 3777 1422 3844 illud
1444 3781 1527 3845 ianr·

323 3902 404 3976 6166,
437 3902 475 3970 de
499 3899 630 3965 Phaone
653 3899 791 3977 dietum,
815 3900 902 3984 quod
925 3899 1137 3983 interpretum
1162 3900 1322 3964 neminem
1346 3901 1524 3967 offendisse

324 4022 418 4088 ualde
454 4022 562 4087 miror.
600 4023 745 4088 [666666
779 4025 826 4086 661
860 4020 1068 4106 inquirente,
1106 4043 1173 4086 rem
1210 4021 1350 4107 aliquam
1375 4027 1522 4088 aeonrate

324 4146 547 4211 examinantis.
582 4145 629 4211 At
660 4145 730 4230 quis
754 4146 991 4229 repraesentare
1014 4143 1075 4208 sibi
1100 4145 1201 4228 possit
1226 4144 1390 4210 Phaonem
1416 4146 1524 4211 dedita

324 4289 422 4354 opera
454 4267 562 4332 animo
596 4267 778 4332 uoluentem
811 4269 843 4330 et
874 4265 1099 4330 discutientem
1131 4269 1239 4329 utrum
1263 4265 1416 4352 fugienda
1440 4270 1523 4332 esset

323 4390 453 4475 Sappho
474 4411 591 4468 neone,
612 4411 649 4453 aa
661 4391 791 4454 tandem
803 4390 1005 4453 1666666166
1020 4409 1052 4452 66
1065 4408 1134 4451 eam
1148 4386 1258 4472 fugere
1271 4391 1417 4473 oportere
1427 4391 1442 4453 ’1
1454 4388 1525 4453 Tali

358 4555 383 4620 1>
402 4556 527 4605 Nonnulla
546 4556 653 4621 exempta
669 4555 817 4619 collegerunt
834 4554 926 4613 Buoht,
944 4555 972 4604 ds
988 4571 1033 4604 ura
1049 4554 1169 4620 infinitiui
1184 4572 1222 4618 ap.
1242 4556 1312 4605 Ouid.
1329 4572 1353 4621 p.
1364 4556 1410 4615 22,
1420 4555 1524 4606 sarrin·

322 4637 387 4698 haas,
404 4639 447 4688 der
464 4638 575 4699 [666166
595 4638 631 4688 1σί
651 4637 722 4697 Ouid,
740 4653 766 4702 p.
783 4636 823 4690 17.
841 4636 879 4686 CI.
898 4639 1023 4702 Draeger,
1040 4637 1124 4688 tator.
1143 4640 1238 4702 Spole-e
1255 4639 1306 4689 11¹.
1324 4655 1348 4704 p.
1367 4639 1425 4690 eal.
