3380 5346
735 433 797 496 107

170 616 356 682 uniuersum
387 616 469 681 male
497 616 560 680 dioi
578 617 726 703 ferocem.
750 614 924 700 Proposuit
946 635 1038 700 ergo:
1064 639 1081 681 o
1105 617 1238 702 seopulis
1260 620 1362 682 sordu-

168 762 226 828 que
245 741 401 827 ferocior,
427 740 490 804 illic
513 738 551 804 Si
572 741 710 816 morior,
735 739 861 802 titulum
884 749 938 802 oet.
962 735 1082 813 Quodsi
1104 758 1213 802 uersus
1235 737 1362 823 indige·

167 866 217 927 ret
246 863 458 939 correctione,
483 860 563 925 mihi
585 860 713 946 quidem
742 859 835 924 ualde
858 859 1013 924 arrideret
1035 860 1129 925 leotio
1152 883 1187 938 y.
1211 885 1248 925 w.
1274 860 1362 928 Μαι.

170 983 314 1049 oodioum
332 985 475 1069 undaque
492 983 631 1069 ferocior
654 983 736 1064 ullo,
761 1003 842 1066 quae
867 984 900 1046 et
923 981 1115 1046 sententiam
1127 981 1257 1066 praebet
1269 1002 1360 1067 egre-

168 1104 255 1189 giam
286 1107 319 1168 et
348 1103 409 1168 hoo
440 1102 536 1167 simul
567 1101 706 1187 explieat
734 1104 819 1187 quod
850 1102 886 1166 in
913 1103 945 1189 f.
978 1105 1027 1167 est
1050 1102 1204 1187 seriptum
1222 1104 1361 1190 ferocior

170 1227 268 1304 omni,
294 1227 400 1289 ortum
423 1224 544 1289 scilieet
567 1247 584 1288 e
608 1223 733 1309 glossa,
757 1223 913 1290 uooabulo
936 1225 1001 1289 ullo
1024 1224 1195 1309 adscripta.

216 1345 277 1412 Sed
301 1345 479 1411 mutatione
503 1365 583 1430 opus
606 1367 673 1410 esse
696 1344 777 1409 milri
800 1366 864 1409 non
890 1346 1035 1412 uidetur:
1055 1345 1180 1430 poetria
1193 1347 1363 1431 postquam

167 1490 218 1536 us.
246 1469 309 1534 187
334 1466 432 1532 dixit:

330 1589 380 1653 Tu
419 1588 500 1653 mihi
538 1588 695 1655 Leucadia
726 1591 818 1674 potes
849 1611 917 1654 esse
940 1588 1099 1654 salubrior
1122 1589 1225 1667 unda,

171 1711 280 1776 statim
310 1710 400 1774 addit
422 1709 603 1788 Phaonem,
634 1710 661 1774 si
692 1729 785 1794 opem
813 1730 880 1773 non
912 1708 1012 1787 ferat,
1043 1709 1094 1774 ms
1123 1709 1201 1794 ipsis
1225 1709 1363 1794 seopulis

171 1835 320 1916 undaque
351 1853 418 1896 essa
448 1830 651 1916 ferooiorom3
684 1831 769 1916 qnod
799 1833 884 1895 reete
915 1831 1036 1895 dietum
1064 1851 1131 1895 essa
1162 1835 1195 1896 et
1224 1833 1266 1895 ad
1295 1853 1362 1896 rem

171 1955 367 2038 praesentem
402 1953 676 2019 aooommodatum
699 1952 775 2017 inde
798 1955 933 2037 apparet
954 1952 1039 2038 quod
1064 1973 1149 2016 mare
1169 1951 1361 2017 Leucadium

172 2073 352 2159 praeruptis
383 2072 519 2158 seopulis
551 2075 583 2138 et
613 2073 701 2138 unda
723 2076 869 2138 aestuosa
893 2073 1091 2138 diffamatum
1115 2076 1193 2138 erat.
1219 2071 1312 2138 Unde
1336 2094 1363 2136 e.

172 2215 205 2280 g.
229 2193 324 2279 Verg.
346 2192 418 2259 Aen
442 2194 504 2258 ΙΙΙ.
531 2195 596 2259 274
619 2211 685 2280 sq.:

357 2315 434 2380 Mox
459 2319 492 2380 et
513 2315 670 2381 Leucatae
694 2316 840 2381 nimbosa
863 2317 1029 2381 oaeumina
1052 2317 1172 2381 montis

354 2435 399 2500 Et
421 2436 612 2502 formidatus
635 2437 742 2502 nautis
765 2438 907 2522 aperitur
929 2436 1057 2522 Apollo.
1177 2446 1179 2454 ’

220 2681 424 2767 Comparatio
447 2684 553 2747 autem
577 2681 649 2746 duri
673 2681 810 2766 pectoris
833 2680 971 2746 hominis
991 2703 1062 2746 oum
1074 2681 1211 2766 seopulis
1224 2680 1365 2766 marique

174 2827 270 2891 qnam
302 2803 400 2869 fuerit
429 2827 501 2869 oum
534 2803 604 2868 aliis
635 2804 739 2888 poetis
772 2806 841 2867 tum
874 2802 990 2868 Ouidio
1014 2803 1049 2867 in
1072 2803 1192 2868 delioiis
1217 2806 1295 2868 nota
1318 2806 1367 2868 est

174 2948 233 2991 res.
266 2923 483 2991 Conferantnr
511 2947 538 2991 e.
570 2945 601 3009 g.
637 2924 716 2989 Her.
748 2923 807 2988 ΙΙΙ.
836 2925 918 3001 133;
942 2924 1022 2991 Met.
1047 2923 1138 2990 XIII.
1164 2926 1249 3003 8013
1273 2923 1364 2990 XIV.

177 3048 239 3113 711
264 3068 333 3132 sqq.
358 3047 424 3125 (ubi
449 3046 513 3113 uid.
538 3045 728 3124 Heinsium).

220 3189 360 3234 rrsvnvu
385 3187 505 3232 noarrs
530 3187 661 3232 nassas
685 3185 792 3244 ussa,
816 3169 853 3229 ut
875 3165 1021 3230 similiter
1041 3186 1170 3250 prorsus
1183 3167 1261 3232 dioit
1273 3165 1367 3234 Ouid.

175 3289 252 3354 Her.
277 3287 351 3354 VII.
379 3289 438 3353 76:

375 3410 421 3475 Te
444 3410 521 3475 satis
544 3412 594 3474 ast
614 3409 746 3475 titulum
769 3409 881 3474 mortis
904 3409 1021 3474 habere
1044 3431 1143 3476 meae.

174 3531 252 3598 Her.
276 3532 352 3598 XX.
386 3533 468 3625 1763

379 3652 424 3718 Te
447 3657 558 3717 eontra
582 3652 712 3718 titulum
735 3654 847 3718 mortis
871 3653 988 3719 habere
1010 3676 1107 3719 meae.

175 3775 215 3841 ef.
239 3773 335 3840 Trist
358 3773 383 3840 I.
411 3775 464 3840 11.
489 3775 547 3839 30:

378 3895 468 3961 Haeo
491 3896 623 3961 titulum
646 3898 775 3961 nostrae
797 3897 910 3962 mortis
933 3897 1050 3962 habere
1073 3897 1162 3962 neh't.

221 4016 359 4102 Egregie
382 4017 556 4102 explioauit
578 4017 662 4082 hano
685 4018 877 4083 locutionem
901 4018 1016 4102 Haupt
1037 4019 1077 4082 ad
1101 4018 1179 4084 Met.
1202 4019 1262 4085 IX.
1284 4017 1367 4084 563:

358 4138 448 4205 Neue
472 4161 591 4204 merere
614 4160 685 4204 meo
708 4140 864 4205 subscribi
887 4162 982 4205 eausa
1005 4140 1159 4226 sepulcro.

223 4259 277 4325 Vs.
312 4261 374 4354 191
409 4262 494 4324 reete
525 4260 560 4324 in
586 4262 618 4348 f.
648 4285 694 4345 9⁷·
727 4262 756 4324 d.
789 4263 818 4325 lo.
852 4263 888 4344 ll.
919 4262 954 4343 l7.
988 4285 1016 4327 o.
1046 4261 1200 4346 seriptum
1230 4263 1294 4326 est:
1319 4258 1369 4324 Ar

181 4402 305 4454 arsuro
332 4401 453 4447 usnrvs
478 4384 560 4458 oet.;
583 4381 697 4467 reliqui
719 4381 774 4446 Au
799 4381 851 4446 uel
874 4380 901 4448 0
926 4402 1050 4455 arsuro
1074 4384 1130 4447 oet.
1156 4382 1370 4467 habent‚qua

180 4504 218 4569 de
249 4526 284 4568 re
316 4502 356 4569 of.
388 4503 541 4568 Heinsius
562 4506 603 4567 ad
628 4503 705 4568 Her.
730 4503 855 4592 XVIII.
883 4502 1108 4579 21;Am.11.
1134 4504 1165 4568 8.
1193 4504 1245 4569 17.

227 4644 394 4692 rorantur
429 4623 469 4691 of.
494 4622 571 4691 Met.
594 4623 621 4688 Ι.
647 4625 730 4710 679,
756 4622 850 4691 VIII.
876 4625 930 4689 47.
954 4623 1052 4711 Verg.
1076 4622 1144 4688 Eol.
1168 4623 1196 4691 Ι.
1223 4625 1284 4701 79;
1308 4628 1368 4690 oet.
