3380 5346
890 399 932 463 88

357 580 413 647 Vs.
441 581 516 647 137.
539 579 655 645 Acras
681 600 853 652 nsuvsovr
875 583 934 645 oet.
959 580 1000 647 cf.
1025 582 1065 645 A.
1086 580 1126 646 A.
1148 579 1191 647 ΙΙ.
1213 583 1299 650 623:
1323 583 1365 647 In
1383 606 1505 649 nemore

311 715 403 790 atquc
426 705 527 769 antris
542 752 549 768 .
564 752 571 767 .
587 707 711 770 .iuneto
734 705 889 791 uoluptas.

311 843 463 897 rsuovsu
503 843 612 889 unnvs
651 844 819 897 snrnsuvs
856 843 1010 890 ssosrnr:
1044 823 1186 890 Consors
1209 825 1301 914 icet:
1337 825 1389 893 Sic
1419 827 1504 892 inter

312 946 430 1012 amoris
451 947 591 1012 remedia
614 946 746 1012 Ouidius
769 947 927 1033 praecipit
949 945 1038 1014 Rem.
1066 947 1129 1012 725
1153 969 1220 1033 sq.:

467 1068 512 1135 nt
533 1070 604 1134 loca
628 1074 716 1134 muta
739 1072 866 1134 nocent.
891 1069 996 1155 fugito
1020 1069 1090 1135 loca
1113 1071 1241 1136 conscia
1264 1072 1362 1136 uestri

515 1191 727 1258 Concubitus:
755 1213 864 1257 causas
888 1191 945 1255 illa
970 1191 1087 1256 doloris
1112 1192 1242 1257 hebent.

356 1312 410 1379 Vs.
444 1313 621 1378 137-150
654 1316 822 1398 tantopere
852 1314 1049 1378 conueniunt
1071 1336 1143 1379 cum
1168 1315 1265 1379 simili
1290 1315 1504 1401 descriptione

310 1434 387 1503 Her.
412 1436 455 1503 X.
481 1436 632 1515 43-56,
657 1440 693 1501 ut
716 1439 821 1500 totum
841 1436 934 1502 illum
957 1436 1064 1502 locum
1089 1436 1141 1501 bio
1165 1437 1343 1502 adscribere
1367 1438 1480 1504 liceat:

448 1558 579 1643 Iamque
602 1559 703 1624 oculis
726 1563 851 1644 ereptus
876 1580 956 1624 eras.
980 1558 1071 1624 Tunc
1095 1559 1233 1644 denique
1257 1559 1351 1626 ficui:

492 1679 693 1765 Torpuerant
718 1680 828 1745 molles
852 1683 929 1745 ante
953 1680 1061 1745 doloro
1084 1701 1197 1766 genae.

447 1802 529 1878 Quid
553 1803 660 1888 potins
682 1802 841 1887 facerent,
866 1824 962 1888 quam
985 1807 1018 1867 te
1042 1824 1113 1867 mea
1135 1804 1257 1868 lumina
1284 1804 1416 1884 fierent,

492 1924 666 2009 Postquam
690 1925 850 1990 desierant
870 1925 942 1989 uela
966 1925 1074 1991 uidere
1098 1927 1179 1991 tua?

448 2045 517 2112 Aut
539 2068 598 2133 ego
622 2047 744 2112 diffusis
767 2047 872 2112 erraui
895 2048 963 2112 sola
985 2047 1126 2132 cupillis,

493 2168 603 2245 Qualis
627 2169 667 2234 ab
691 2168 817 2255 Ogygio
842 2170 967 2236 concito
992 2168 1119 2235 Baccha
1143 2171 1219 2236 deo:

447 2289 517 2356 Aut
539 2312 625 2356 mare
648 2291 844 2376 prospiciens
866 2292 902 2355 in
925 2313 1003 2356 saxo
1026 2291 1146 2376 frigida
1168 2292 1254 2372 sedi,

493 2412 658 2498 Quamque
681 2414 762 2498 lapis
785 2414 891 2492 sedes,
914 2419 980 2478 tam
1004 2415 1085 2498 lapis
1106 2414 1176 2499 ipsa
1199 2414 1255 2478 fui.

448 2535 547 2621 Saepe
571 2540 677 2600 torum
700 2539 826 2620 repeto,
852 2535 907 2621 qui
931 2557 990 2600 nos
1014 2540 1179 2620 acceperat
1203 2537 1330 2614 ambos,

493 2656 555 2723 Sed
578 2679 645 2722 non
670 2662 815 2743 acceptos
840 2657 1037 2722 exhibiturus
1062 2661 1150 2737 erat,

448 2778 493 2844 Et
514 2783 587 2858 tua,
612 2800 675 2864 qua
698 2800 844 2863 possum,
869 2799 926 2863 pro
950 2782 983 2843 te
1006 2779 1142 2863 uestigia
1166 2781 1283 2864 tango,

492 2899 663 2985 Strataque
685 2921 765 2985 quae
789 2899 938 2964 membris
961 2900 1129 2986 intepuere
1153 2901 1229 2966 tuis.

448 3022 622 3102 Incumbo,
644 3022 845 3111 lacrimisque
868 3026 939 3087 toro
963 3026 1116 3088 manante
1139 3023 1278 3108 profusis

493 3147 688 3213 ‘Pressimus'
713 3145 855 3212 exclamo
883 3149 923 3210 ‘te
946 3146 1017 3226 duo.
1043 3146 1139 3211 redde
1163 3148 1241 3210 duos
1267 3184 1308 3194 —

355 3394 408 3460 Vs.
436 3393 510 3458 139.
534 3391 634 3456 Iucvc
657 3411 774 3455 ursrrs
796 3410 892 3455 mors
916 3394 988 3469 oct,
1013 3389 1052 3456 cf.
1078 3389 1164 3455 Fast.
1189 3389 1247 3456 IV.
1272 3390 1342 3456 457
1366 3412 1434 3476 sq.:

492 3513 611 3579 Mentis
633 3514 727 3598 inops
750 3512 892 3597 rapitur,
915 3514 1024 3598 quales
1047 3513 1158 3578 audire
1181 3512 1317 3578 solemus

537 3633 699 3700 Threicias
722 3634 800 3700 fusis
823 3634 996 3700 Maenadas
1019 3636 1065 3701 ire
1090 3635 1198 3702 comis.

309 3759 349 3825 of.
374 3757 415 3823 A.
439 3757 479 3825 A.
506 3759 532 3824 Ι.
557 3757 642 3835 465;
668 3758 730 3822 III.
757 3759 843 3842 684,
867 3760 927 3824 cet.

356 3879 404 3944 De
433 3881 570 3967 »furiali
601 3880 772 3946 Ericltlro”
803 3879 876 3944 uide
894 3900 976 3963 quae
1001 3879 1200 3964 disputamus
1222 3880 1257 3944 in
1281 3880 1503 3965 disquisitione

311 4002 382 4068 orit.
408 4023 476 4086 cap.
503 4000 564 4066 IV.

355 4123 412 4190 Vs.
439 4123 501 4187 140
538 4143 610 4187 cum
646 4122 819 4187 editoribus
855 4123 1014 4207 plerisque
1036 4122 1210 4208 recepimus
1243 4121 1393 4212 Impulit,
1420 4125 1504 4210 quod

311 4246 489 4312 defendunt
520 4245 711 4329 comparatis
744 4244 817 4312 Am.
841 4246 866 4311 Ι.
898 4247 929 4312 9.
963 4247 1025 4324 43,
1055 4267 1093 4310 ex
1125 4245 1220 4310 Pont.
1244 4246 1286 4312 II.
1315 4247 1344 4311 3.
1372 4247 1414 4311 73
1437 4268 1504 4332 sq.,

312 4368 384 4435 Val.
410 4366 514 4432 Flauo.
537 4365 596 4431 IV.
624 4367 683 4443 33,
708 4365 744 4431 V.
772 4368 832 4444 42,
857 4371 915 4432 cet.
943 4366 1004 4432 Sed
1028 4389 1100 4433 oum
1124 4389 1236 4453 parum
1255 4367 1295 4432 -id
1313 4368 1430 4433 habeat
1451 4389 1504 4433 oo-

311 4490 417 4555 dioum
441 4489 658 4567 auctoritatis,
682 4489 824 4574 impense
844 4489 951 4574 placet
970 4490 1149 4555 emendatio
1167 4489 1292 4554 Heinsii
1314 4491 1504 4576 scripturam

309 4612 531 4698 plerorumque
561 4609 651 4677 MSS.
686 4610 805 4676 Attulit
836 4610 991 4676 mutantis
1014 4611 1048 4675 in
1073 4611 1229 4692 Abstulit,
1253 4613 1339 4698 quod
1362 4612 1503 4678 uocabu-
