3380 5346
261 1191 524 1270 DIEQVISI'IIO
548 1191 726 1265 oululos
748 1192 804 1264 DE
826 1191 1061 1266 EPISTVLAE
1086 1191 1289 1268 AVCTOEE.

677 1499 870 1510 ———-—-

683 1746 826 1813 OAPVT
849 1749 875 1814 Ι.

221 1992 368 2078 Epistula
399 1993 565 2079 Sapphus,
597 1997 634 2057 ut
663 1993 698 2057 in
722 1992 959 2078 Prolegomenis
984 1990 1138 2070 uidimus,
1164 2013 1231 2056 uon
1254 1992 1372 2077 legitur

175 2116 210 2179 in
245 2115 405 2179 codicibus
439 2114 604 2180 Ouidiauis
635 2114 764 2199 optimis
797 2117 829 2178 et
860 2113 1099 2192 uetustissimis,
1132 2135 1235 2198 neque
1267 2113 1372 2179 Ouidii

175 2236 305 2300 nomine
347 2240 396 2300 est
437 2237 592 2323 inscripta
628 2236 690 2301 nisi
731 2236 766 2300 in
807 2235 916 2321 paucis
952 2235 1115 2300 deterioris
1151 2237 1247 2300 notae
1282 2235 1372 2300 libris

175 2358 225 2444 (tl.
257 2383 298 2422 m.
329 2383 386 2445 ml.
411 2384 454 2444 ug.
480 2361 533 2447 [p.
560 2360 632 2442 t.]).
660 2358 721 2423 Vbi
745 2362 853 2424 autem
878 2380 948 2423 cum
975 2356 1083 2423 Ouidii
1106 2357 1284 2423 Heroidum
1307 2359 1372 2443 epi·
1431 2413 1433 2417 ,

176 2480 268 2545 stulis
299 2480 470 2545 coniuncta
499 2479 679 2565 inuenitur,
704 2481 743 2544 iis
767 2483 816 2544 est
838 2481 889 2544 uel
912 2469 1095 2566 praeposita
1112 2480 1163 2544 uel
1175 2480 1370 2564 postposita;

177 2623 334 2686 nusquam
368 2602 453 2667 inter
485 2623 537 2666 eas
569 2602 686 2686 legitur
716 2601 787 2666 loco
818 2601 888 2679 XV,
920 2622 1015 2686 quem
1045 2600 1150 2665 locum
1189 2600 1315 2666 obtinet
1337 2601 1372 2665 in

175 2722 369 2788 editionibus
394 2722 487 2789 Ouid.
514 2723 590 2787 inde
613 2745 632 2788 a
654 2721 738 2788 Dan.
763 2721 896 2787 Heinsio
921 2744 973 2787 an.
1001 2722 1087 2787 1629
1108 2744 1207 2807 usque
1228 2723 1268 2788 ad
1287 2723 1372 2788 Mer-

175 2844 296 2909 kelium
327 2845 485 2912 omuibus.
532 2843 715 2909 Mirandum
740 2844 840 2929 igitur
864 2865 931 2908 non
955 2846 1004 2908 est
1027 2843 1184 2908 exstitisse
1207 2842 1271 2907 iam
1295 2844 1372 2909 olim

175 2965 261 3030 uiros
285 2967 396 3031 doctos
420 2966 508 3030 haud
531 2987 667 3051 paucos,
690 2966 745 3050 qui
768 2988 847 3030 num
872 2967 912 3028 ad
936 2963 1086 3029 Ouidium
1111 2967 1271 3029 auctorem
1290 2968 1372 3029 esset

173 3086 354 3165 referenda,
391 3086 596 3152 uehementer
626 3086 813 3151 dubitarent
844 3089 1062 3171 negarentque
1090 3107 1177 3164 eam,
1201 3086 1242 3151 ab
1266 3085 1373 3151 Ouidii

174 3207 350 3282 Heroidum
381 3208 527 3292 epistulis
549 3207 646 3294 plane
669 3208 864 3291 seiunctam,
890 3209 1047 3292 quantum
1071 3207 1198 3291 quidem
1223 3229 1261 3272 ex
1284 3208 1372 3272 eodi-

174 3351 248 3393 cum
283 3328 408 3393 ratione
443 3333 475 3393 et
505 3329 618 3394 habitu
648 3329 781 3394 iudicari
813 3331 938 3414 posset,
964 3329 1134 3414 quiequam
1158 3350 1230 3394 cum
1252 3329 1292 3394 iia
1312 3329 1372 3394 ha-

176 3451 251 3516 bere
282 3472 449 3515 commune
464 3453 500 3528 ¹).
534 3450 741 3537 Infregerunt
771 3473 846 3515 uero
875 3450 989 3515 horum
1019 3451 1212 3516 sententiam
1237 3452 1372 3516 inuenta

172 3569 333 3657 Excerpta
363 3572 509 3637 Parisina
543 3592 622 3637 saec.
656 3573 753 3638 XIII.
779 3576 819 3648 et
848 3572 1014 3638 Vincentii
1047 3572 1279 3638 Bellouscensis
1305 3572 1371 3638 Ex-

174 3702 282 3779 cerpta
314 3695 407 3780 (suec.
443 3693 550 3780 XIII),
582 3717 601 3758 a
633 3693 875 3760 Schneidewino
907 3699 939 3759 et
963 3694 1180 3779 Comparettio
1200 3695 1235 3758 in
1260 3697 1372 3761 docto·

174 3837 245 3880 rum
276 3815 425 3879 notitiam
458 3816 592 3900 prolata.
628 3816 777 3896 Etenim,
803 3821 840 3881 ut
862 3816 994 3901 exposui
1017 3817 1052 3881 in
1075 3817 1315 3903 Prolegomenis
1338 3842 1371 3903 p.

176 3938 215 4021 3,
247 3939 394 4021 excerpta
419 3959 458 4001 ex
482 3938 619 4022 epistula
643 3938 791 4024 Sapphus
814 3939 860 4003 ibi
882 3939 966 4004 inter
991 3942 1139 4024 excerpta
1162 3937 1270 4005 Ouidii
1293 3939 1371 4006 Her.

210 4165 235 4230 1)
253 4164 349 4215 Primus
364 4167 486 4225 omnium,
502 4170 618 4232 quantum
639 4167 700 4225 seio,
718 4167 760 4231 qui
777 4167 820 4216 illo
837 4167 902 4217 nisus
920 4169 1060 4231 argumento
1077 4167 1183 4232 spuriam
1199 4166 1372 4234 iudicauitepi-

173 4249 273 4306 atulam,
296 4249 344 4298 suit
365 4251 394 4298 A.
418 4251 446 4298 G.
474 4249 564 4309 Euabe,
589 4253 719 4314 Inteipret.
747 4249 832 4299 Oderii
854 4250 960 4314 Sapphus
983 4250 1009 4298 in
1031 4250 1139 4300 Venerem
1158 4249 1275 4314 (Lipsiae,
1294 4249 1372 4315 1794)

171 4347 195 4396 p.
221 4333 248 4390 5,
272 4331 388 4395 siquidem
415 4331 474 4381 bene
497 4332 610 4396 intellego
632 4331 705 4382 uerba
722 4332 772 4381 eius
789 4332 850 4381 mire
866 4334 975 4381 contorta
994 4334 1018 4380 et
1036 4330 1134 4380 obscura
1150 4332 1244 4382 haecce:
1264 4333 1309 4380 ille
1326 4333 1374 4395 epi·

171 4415 238 4462 stulu
254 4414 347 4462 omnino
362 4415 447 4479 spuria
463 4414 562 4462 uidetur
578 4418 650 4477 atque
665 4427 786 4478 suspecta,
801 4413 913 4478 quercia
927 4414 1047 4462 menonis
1056 4414 1186 4463 Herce'dum
1201 4411 1373 4464 Ouidiancrum

171 4497 349 4560 amedee,
365 4497 413 4545 nisi
425 4495 608 4554 recentissimis,
623 4497 746 4559 reperitur.
765 4497 849 4546 Secuti
862 4499 918 4546 sunt
926 4512 981 4545 eum
990 4496 1044 4545 Ich.
1054 4496 1108 4545 Val.
1118 4495 1239 4555 mansue,
1249 4495 1373 4546 Schneidc·

173 4577 235 4637 win,
252 4581 310 4638 set,
333 4595 392 4644 quos
408 4578 489 4648 paullo
506 4577 570 4627 inire
587 4577 735 4628 enumerabo.
