3380 5346
744 468 805 530 141

184 669 293 712 omnes
326 647 431 712 Ouidii
462 649 536 714 libri
567 649 601 712 in
626 649 686 714 hac
709 672 743 713 re
767 652 843 713 sunt
865 649 1059 732 comparati,
1083 651 1137 713 sed
1161 652 1287 733 practer
1310 647 1376 712 He-

182 771 287 834 roides
321 769 473 834 Tristium
505 772 632 835 tantum
666 770 745 834 liber
773 769 809 847 Ι,
840 792 878 834 ex
901 770 997 836 Pont.
1025 770 1040 835 I
1065 775 1097 835 et
1121 769 1180 847 IV,
1205 770 1282 835 Met.
1308 769 1377 834 VII.

182 889 226 954 Et
260 891 423 975 profecto,
453 892 480 955 si
511 892 546 954 in
577 891 726 976 Sapphus
755 892 892 976 epistula
924 895 998 976 post
1020 896 1169 976 quartum
1194 892 1378 957 trochaeum

183 1012 344 1097 frangitur
378 1035 480 1077 sermo
516 1014 709 1097 quinquiens
746 1013 888 1097 deciens,
919 1013 980 1077 hoc
1005 1052 1046 1061 -
1071 1017 1157 1078 recte
1189 1013 1216 1076 si
1246 1034 1378 1097 compu-

184 1135 262 1198 taris
276 1174 316 1183 —
342 1135 438 1200 semel
461 1144 509 1200 est
533 1158 597 1201 non
621 1137 655 1200 in
680 1136 718 1228 5}
744 1137 797 1201 sed
821 1137 855 1200 in
884 1138 923 1226 7}
942 1137 1101 1213 uersibus,
1122 1137 1169 1199 ita
1190 1138 1226 1199 ut
1244 1135 1380 1220 epistula

186 1259 297 1320 nostra
325 1257 402 1320 satis
434 1257 514 1322 bene
545 1263 703 1343 congruat
733 1280 779 1322 ex.
813 1279 860 1342 gr.
892 1280 963 1322 cum
988 1257 1065 1322 Her.
1091 1257 1138 1321 IX
1163 1257 1380 1343 (Deianirae),

186 1400 283 1462 quam
313 1379 390 1463 quin
422 1379 583 1464 scripserit
614 1379 764 1457 Ouidius,
788 1381 872 1465 apud
896 1380 999 1465 ipsum
1025 1379 1160 1444 Birtium
1188 1377 1381 1444 dubitationi

186 1499 359 1564 obnoxium
386 1522 452 1565 non
477 1504 535 1565 est.

232 1620 372 1686 Omnino
395 1643 471 1687 uero
495 1623 678 1707 perspicuus
701 1625 794 1689 nobis
818 1647 884 1688 non
909 1627 959 1688 est
980 1607 1168 1708 praeclarus
1185 1622 1376 1689 illefructus

186 1766 280 1828 quem
313 1743 435 1808 Birtius
457 1767 475 1809 a
498 1746 636 1810 metricis
661 1747 725 1810 suis
750 1746 876 1810 tabellis
902 1746 1043 1810 hausisse
1064 1745 1126 1810 sibi
1149 1747 1285 1810 uidetur.
1311 1743 1382 1808 Etsi

165 1865 272 1930 enim
303 1866 442 1930 dandum
467 1867 496 1930 ei
519 1867 624 1932 estin
648 1866 756 1931 Ouidii
779 1867 973 1932 carminibus
996 1866 1180 1932 summatim
1204 1867 1270 1931 fere
1295 1887 1382 1930 com-

186 1987 292 2071 parari
323 1988 408 2053 inter
440 2012 473 2054 se
501 2012 593 2074 posse
616 1989 816 2074 singularum
841 2012 989 2055 uersuum
1014 1989 1189 2054 formarum
1214 2009 1381 2065 numeros,

187 2110 319 2174 minime
343 2114 452 2176 tamen
476 2111 569 2176 firma
591 2113 666 2177 inde
689 2134 802 2177 norma
825 2111 922 2177 statui
946 2111 1035 2184 licet;
1065 2111 1127 2175 nisi
1150 2110 1233 2175 forte
1253 2131 1383 2193 persua-

187 2234 261 2299 dere
296 2234 388 2299 nobis
423 2234 571 2300 uolumus
602 2235 751 2299 Ouidium
783 2235 906 2319 pegisse
930 2256 1042 2299 uersus
1069 2233 1109 2296 ad
1133 2236 1252 2297 certam
1278 2253 1384 2296 amus·

188 2355 247 2420 sim
281 2357 407 2422 conscio
439 2357 545 2449 animo
570 2358 657 2441 prius
682 2380 701 2420 a
723 2378 756 2421 se
780 2357 998 2422 constitutam.
1025 2354 1115 2431 Quod
1139 2355 1173 2418 in
1197 2354 1383 2418 uniuersum

190 2479 231 2542 ab
267 2480 387 2563 optimo
419 2502 544 2564 quoque
576 2485 670 2565 poeta
702 2481 852 2564 cuiusque
877 2479 990 2544 aetatis
1015 2482 1047 2542 et
1070 2477 1211 2541 nationis
1235 2478 1283 2540 est
1305 2475 1383 2539 alie-

191 2623 276 2665 num.
313 2600 425 2686 Neque
460 2601 521 2667 hoc
553 2601 873 2686 praetermittendum
904 2604 952 2666 est
983 2599 1162 2684 legitimum
1187 2618 1301 2661 sonum
1325 2617 1384 2660 nos

191 2721 304 2787 callere
328 2745 394 2788 non
417 2723 519 2788 solum
544 2723 705 2808 »digiti-’2
731 2745 842 2788 uerum
866 2723 962 2787 etiam
987 2722 1126 2799 »aure”;
1147 2721 1208 2785 hac
1231 2721 1337 2784 autem
1358 2719 1385 2782 si

189 2844 271 2909 iuste
293 2850 436 2924 utamur,
461 2845 554 2911 aliter
575 2845 710 2910 iudicari
734 2849 772 2910 tle
797 2845 930 2910 metrica
954 2844 1110 2929 epistulae
1130 2846 1199 2907 arte
1219 2842 1273 2906 uix
1292 2861 1385 2925 posse

189 2967 341 3045 arbitror,
366 2990 462 3052 quam
484 2969 603 3034 iudicet
623 2969 672 3033 uir
692 2969 726 3032 in
748 2967 798 3032 his
818 2968 912 3032 rebus
933 2988 1074 3032 summac
1095 2963 1294 3030 auctoritatis
1306 2963 1383 3028 Luc.

189 3088 338 3166 Mueller,
370 3089 426 3174 qui
457 3090 509 3175 (de
539 3113 573 3154 re
597 3094 685 3154 metr.
711 3112 742 3173 p.
769 3089 825 3175 49)
850 3089 960 3152 scribit
988 3087 1135 3171 Sapphus
1160 3086 1329 3171 epistulam
1353 3088 1385 3148 et

190 3209 297 3275 Ouidii
331 3211 486 3276 Heroides
516 3211 697 3276 indubitate
728 3211 903 3295 genuinas,
936 3209 1002 3274 siue
1026 3208 1289 3293 compositionem
1315 3227 1384 3270 car-

189 3335 312 3397 minum
335 3355 389 3397 seu
413 3355 561 3397 uersuum
586 3333 802 3418 sermonisque
826 3336 927 3396 artem
950 3331 1140 3415 respexeris,
1161 3329 1246 3393 inter
1265 3349 1298 3392 sa
1318 3347 1385 3391 essa

189 3453 376 3519 simillimas.

233 3698 287 3764 Ad
317 3723 383 3766 rem
414 3701 655 3786 grammaticam
680 3705 711 3765 et
735 3700 884 3766 dictionis
908 3699 1050 3784 poeticae
1076 3697 1233 3762 rationem
1258 3715 1295 3759 ac
1318 3694 1385 3758 for-

188 3843 272 3884 mam
304 3821 459 3906 epistulae
491 3823 684 3888 sianimum
708 3821 919 3899 attendimus,
946 3821 1056 3885 statim
1081 3820 1225 3884 uidemus
1248 3816 1385 3881 incredi-

190 3939 286 4005 bilem
318 3944 352 4006 in
384 3945 553 4010 iudicando
586 3946 625 4009 de
656 3967 693 4009 ea
724 3945 889 4010 doctorum
922 3941 1170 4017 dissensionem
1193 3962 1289 4024 quam
1313 3959 1385 4003 cnm

190 4062 244 4126 alii
276 4065 423 4130 uocarint
457 4069 616 4153 ineptam,
649 4059 818 4144 rusticam,
853 4065 990 4130 infelicis
1016 4064 1179 4129 cuiusdam
1212 4061 1387 4125 imitatoris

173 4185 307 4264 ictum,
333 4187 388 4251 alii
411 4188 653 4273 pulcerrimum,
677 4189 969 4275 elegantissimam,
990 4186 1097 4252 Ouidii
1117 4185 1249 4269 ingenio
1262 4183 1386 4267 dignis-

189 4307 319 4386 simam,
352 4330 410 4374 nos
440 4311 526 4376 uiam
558 4314 694 4378 mediam
724 4313 921 4396 eandemque
945 4313 977 4374 et
1000 4308 1192 4373 tutissimam
1219 4308 1252 4370 et
1274 4325 1383 4369 ueram

191 4429 326 4514 ingrcssi
356 4430 403 4496 ita
433 4433 650 4511 aestimemus,
684 4438 721 4499 ut
744 4433 883 4499 Nasonis
907 4431 1044 4495 uirtutes
1067 4451 1135 4494 non
1158 4427 1265 4492 minus
1288 4447 1384 4510 quam

191 4552 271 4616 uitia
292 4553 327 4618 in
354 4576 391 4618 ea
414 4555 555 4640 conspici
577 4556 793 4641 profiteamur.
831 4555 1060 4624 Abstineamus
1085 4551 1178 4615 modo
1203 4548 1244 4613 ab
1267 4545 1386 4611 iudicio

191 4694 230 4737 ex
253 4674 444 4741 aestheticae
467 4698 563 4761 quam
588 4681 707 4742 uocant
730 4677 808 4744 artis
826 4675 1003 4763 praeceptis
1021 4673 1140 4760 petito,
1160 4671 1383 4755 quibusquam
