3386 5346
894 437 938 510 48

315 631 548 698 demonstrasse
572 630 652 695 mihi
674 630 785 695 uideor
808 629 889 694 nihil
915 629 1017 694 inesse
1041 628 1076 692 in
1100 628 1197 693 hoooe
1221 650 1333 707 uersu,
1357 632 1511 715 quotam

315 775 414 840 graue
437 753 588 819 iudicium
607 751 807 817 defendatur.

361 997 415 1063 Vs.
444 997 496 1061 26.
523 1015 598 1060 mas
623 1017 685 1061 vua
711 1015 786 1059 mus
810 1017 869 1080 pro
893 996 964 1062 liaeo
987 997 1035 1062 uel
1058 997 1124 1078 illa,
1150 1001 1185 1061 ut
1209 995 1283 1062 Am.
1309 996 1332 1061 l.
1359 997 1390 1061 8.
1415 996 1477 1066 84:

603 1117 646 1182 llt
669 1118 790 1183 faciant
813 1119 892 1182 udas
914 1117 968 1182 ille
992 1119 1044 1183 uel
1066 1119 1121 1183 ille
1146 1140 1256 1205 genas.

315 1239 401 1306 Fast.
428 1240 467 1306 V.
497 1242 577 1306 188:
602 1238 765 1306 Conuenit
787 1231 822 1304 in
843 1241 954 1304 laudes
976 1240 1031 1305 ille
1055 1240 1106 1305 uel
1129 1241 1183 1306 ille
1207 1245 1287 1306 tuas.

361 1361 417 1428 Vs.
443 1363 496 1428 27.
530 1363 725 1427 Protomae.
755 1361 796 1426 of.
822 1361 898 1428 Met.
926 1362 965 1428 V.
992 1364 1073 1440 262;
1098 1362 1193 1428 Trist.
1218 1364 1280 1429 ΠΙ.
1308 1364 1336 1430 7.
1363 1363 1421 1428 15:
1447 1364 1512 1430 Pe-

313 1487 440 1570 gasidas
463 1488 571 1550 undar.
597 1487 637 1550 of.
662 1483 805 1569 Propert.
831 1485 893 1550 ΙΙΙ.
922 1487 949 1548 l.
979 1486 1036 1549 19:

496 1604 625 1684 Mollia,
650 1606 836 1691 Pegasides,
862 1606 935 1671 date
959 1610 1067 1672 uestro
1091 1612 1175 1672 serta
1199 1611 1320 1693 poetae.

374 1729 541 1815 Pegasides
564 1730 643 1794 midi
665 1731 803 1794 carmine
828 1731 964 1808 dietant,
990 1728 1031 1794 of.
1055 1727 1129 1794 Am.
1156 1729 1201 1796 II.
1228 1733 1256 1796 1.
1284 1731 1344 1795 38:

499 1847 651 1917 Carmina
673 1871 852 1935 purpureus
874 1872 955 1936 quae
978 1850 1057 1915 mihi
1081 1850 1180 1916 dietat
1203 1850 1313 1916 Amor.

318 1994 356 2038 ex
380 1971 473 2038 Pont.
500 1972 562 2038 Ill.
589 1973 706 2039 329:

269 2111 272 2118 ·
431 2093 479 2158 Tu
505 2091 632 2179 [Amor]
656 2093 735 2158 mihi
758 2093 887 2158 dictasti
908 2093 1069 2159 iuuenalia
1093 2095 1234 2159 earmina
1256 2095 1389 2180 primus.

367 2337 422 2405 Vs.
439 2341 492 2404 28.
511 2339 574 2405 IAM
588 2358 728 2404 usumve
742 2359 821 2402 roro
836 2359 946 2403 nonas
960 2359 994 2402 m
1007 2359 1091 2403 onas
1106 2361 1207 2405 unvu.
1223 2338 1416 2407 cf.A.A.11.
1433 2341 1513 2408 740:

527 2463 532 2473 '
573 2458 728 2525 Cantetur
751 2462 820 2525 toto
844 2481 961 2525 nomen
984 2461 1019 2525 in
1043 2460 1119 2525 orbe
1141 2483 1258 2526 meum.

366 2581 455 2648 Rem.
483 2583 565 2648 363:
593 2621 633 2631 -
659 2583 734 2646 dum
759 2585 828 2646 toto
852 2586 962 2647 canter
984 2582 1019 2646 in
1043 2582 1129 2647 orbe.
1188 2621 1190 2624 -

367 2705 463 2770 Trist.
485 2704 529 2769 II.
560 2706 640 2781 1183
665 2704 738 2768 Am.
765 2704 791 2769 I.
818 2705 847 2768 3.
873 2703 935 2789 25;
963 2703 1013 2768 15.
1037 2706 1075 2788 8;
1105 2706 1152 2770 13.

368 2825 513 2891 Poetriae
540 2828 580 2889 de
603 2846 636 2889 se
657 2825 728 2909 ipsa
749 2825 943 2909 praedicatio
968 2829 1053 2910 apud
1076 2848 1147 2890 eum
1172 2849 1267 2910 quem
1290 2831 1393 2905 amat,
1418 2828 1515 2913 plane

323 2952 371 3013 est
409 2971 426 3012 e
464 2969 552 3012 more
591 2945 713 3029 Ouidii,
751 2947 806 3033 qui
845 2969 940 3030 quam
980 2969 1072 3032 saepe
1108 2948 1149 3012 sit
1183 2948 1229 3012 ita
1264 2949 1388 3014 locutus
1424 2952 1516 3014 dooet
1634 2979 1647 2994 ·

324 3070 365 3136 Α.
388 3069 427 3134 B..
449 3069 614 3154 Zingerle,
644 3068 731 3133 Ouid.
758 3072 822 3133 und
844 3072 907 3134 sein
938 3069 1110 3134 Vertaeltn.
1124 3073 1184 3134 oet.
1197 3069 1222 3133 I.
1236 3071 1278 3134 85
1292 3093 1356 3156 sq.;
1372 3071 1517 3136 Martiale

328 3190 569 3264 Ouid-Studien.
595 3212 667 3276 pag.
695 3192 747 3256 28.

370 3312 426 3381 Va.
452 3315 505 3378 29.
530 3333 672 3378 consess
694 3333 896 3383 earamnovu
911 3333 1087 3384 nuaauovu.
1111 3311 1162 3378 Sio
1175 3335 1214 3378 ex
1227 3314 1320 3378 Pont.
1334 3313 1394 3378 ΙΙΙ.
1409 3316 1439 3378 2.
1454 3315 1515 3378 82:

330 3432 490 3501 Consertae
513 3437 616 3510 arbim
639 3433 735 3498 Triat.
762 3433 801 3497 V.
828 3434 858 3500 3.
884 3434 945 3499 47:
971 3447 1122 3500 consortes
1146 3438 1367 3522 studiipoetoe.
1382 3434 1422 3501 of.
1437 3435 1515 3502 Her.

324 3556 386 3622 ΙΙΙ.
410 3558 472 3623 47:
499 3595 538 3605 -
563 3569 714 3621 consortes
733 3557 858 3642 pariter
879 3558 1055 3642 penuriaque
1070 3561 1215 3643 necisque.

371 3803 434 3868 Pro
458 3823 576 3885 soum,
602 3826 649 3867 us.
677 3802 729 3880 30,
755 3800 959 3866 Burmannus
982 3801 1048 3866 See.
1073 3805 1114 3866 ad
1138 3801 1282 3887 Propert.
1308 3802 1367 3867 Ill.
1397 3802 1446 3867 15.
1473 3803 1515 3867 40

325 3925 493 4010 proposuit
515 3946 632 4003 rouro,
657 3926 830 4011 quodiam
855 3925 1035 4010 Lennepius
1059 3925 1240 4009 redarguit,
1266 3945 1338 3988 eum
1363 3924 1423 3988 hoe
1447 3924 1516 3990 loeo
1631 3952 1633 3956 ·

325 4048 498 4113 rectissime
522 4068 710 4133 comparans
733 4046 812 4111 Hor.
837 4045 872 4112 0.
897 4047 940 4112 ΙΙ.
970 4048 1019 4111 13.
1048 4048 1091 4111 24
1115 4065 1202 4132 sqq.:

689 4169 808 4235 Aeoliis
832 4169 949 4233 fidibus
972 4172 1156 4251 querentem

643 4291 772 4377 Sappho
795 4290 910 4376 puellis
932 4291 971 4355 de
994 4289 1219 4374 popularibuS,

642 4413 687 4478 Et
708 4416 741 4478 te
764 4416 931 4477 sonantem
954 4411 1079 4496 plenius
1103 4432 1216 4495 aureo,

686 4533 820 4612 Aleuae,
843 4534 964 4618 plectro
994 4571 1026 4580 -

324 4660 511 4746 Comparari
540 4659 650 4724 eliam
665 4661 772 4743 potest
803 4657 893 4720 Rem.
926 4656 1008 4721 375:
1038 4655 1167 4721 Grande
1190 4660 1308 4720 sonant
1330 4658 1446 4745 tragici
1471 4695 1513 4707 -
