3386 5346
915 357 959 422 ὅθ

344 544 398 627 (ad
418 543 504 626 quod
527 540 601 604 addi
623 543 698 625 post
720 562 845 606 uersum
869 540 1007 625 priorem
1031 561 1098 604 non
1122 562 1188 605 esse
1212 538 1452 622 necessarium),
1477 558 1536 622 pro

342 666 474 754 rependo
497 664 607 750 indata
629 662 831 747 transpositis
854 660 970 726 litteris
993 662 1192 726 emendauit:

568 784 705 870 Ingenio
729 783 851 849 formae
875 785 992 849 damna
1016 787 1145 874 repende
1167 807 1242 850 mee.

342 906 394 974 Sic
425 907 511 972 euim
543 907 707 992 aptissima
737 908 860 972 exsistit
890 909 1067 972 sententia:
1103 906 1160 973 »si
1189 906 1292 971 forma
1315 905 1395 970 mihi
1419 906 1538 989 negata

342 1033 407 1109 est,
432 1030 584 1094 damnum
607 1030 668 1095 hoc
690 1030 828 1114 repende
851 1030 1000 1115 ingenio,
1025 1029 1110 1116 quod
1136 1031 1185 1094 est
1207 1027 1346 1093 meum.”

342 1274 398 1340 Vs.
424 1277 497 1340 33³:
553 1274 620 1341 Nec
642 1299 690 1340 me
713 1279 861 1365 despicias
883 1280 913 1342 a·
934 1279 994 1342 eim
1017 1279 1074 1342 tibi
1095 1299 1223 1365 corpore
1241 1300 1349 1364 paruo

363 1422 379 1458 a
428 1399 502 1462 3482
607 1397 848 1485 Mensarumque
871 1401 972 1464 breuis
993 1402 1127 1465 nominis
1150 1402 1220 1487 ipae
1238 1401 1323 1486 jere.
1418 1434 1421 1439 ·

265 1609 268 1616 Ι
365 1544 381 1580 a
431 1521 491 1584 33:
562 1518 639 1585 Sum
659 1520 781 1598 breuis,
802 1525 836 1585 at
855 1543 973 1586 nomen
992 1523 1076 1608 quod
1097 1523 1197 1587 terras
1216 1522 1350 1606 impleat
1370 1541 1479 1587 omnes

363 1667 379 1702 a
429 1643 488 1706 34:
614 1641 674 1707 Est
698 1643 792 1708 mihi:
817 1666 998 1709 mensnram
1023 1644 1163 1709 nominis
1186 1644 1256 1728 ipsa
1279 1643 1357 1709 fero.

385 1763 458 1829 Duo
489 1763 568 1828 haec
599 1765 734 1829 disticha
766 1766 895 1830 exhibet
926 1789 1009 1831 unus
1041 1766 1087 1829 Η.
1108 1765 1227 1831 Versus
1252 1765 1415 1830 338-348
1438 1763 1534 1828 omit-

341 1888 456 1951 tuntur
485 1886 520 1950 in
539 1887 575 1972 f.
598 1886 644 1972 (et
667 1909 729 1951 uss.
758 1888 891 1953 33-34
914 1888 1023 1953 stetim
1046 1890 1120 1972 post
1145 1888 1187 1953 32
1210 1891 1286 1952 suut
1310 1887 1346 1951 in
1369 1884 1536 1970 Excerptis

341 2008 527 2092 Parisinis);
559 2008 595 2072 in
624 2008 754 2092 reliquis
785 2009 876 2092 libris
908 2009 1019 2095 scripti
1047 2013 1123 2075 sunt
1146 2033 1208 2075 uss.
1236 2009 1414 2087 338-348,
1438 2007 1535 2073 omit-
1642 2094 1645 2100 1

339 2133 454 2195 tuntur
490 2131 632 2195 33-34.
680 2129 828 2196 Editores
863 2131 1052 2198 recentiores
1083 2132 1303 2216 praetulerunt
1332 2130 1475 2217 plerique
1501 2131 1533 2217 f.

341 2251 457 2318 codicis
481 2253 702 2318 auctoritatem
723 2275 782 2318 nec
802 2258 990 2338 receperunt
1010 2276 1119 2319 uersus
1136 2254 1208 2319 illos
1223 2253 1395 2319 338-348.
1424 2251 1536 2337 Nuper

342 2395 417 2439 nero
452 2373 632 2458 Baehrens,
668 2375 714 2439 n.
751 2399 783 2461 p.
821 2375 863 2439 52
900 2398 966 2460 sq.,
1001 2377 1135 2441 inuento
1171 2377 1278 2441 codiee
1309 2374 1535 2462 H(arleiauo)‚

341 2501 510 2582 utramque
548 2496 685 2562 formam
716 2498 917 2563 retinendam
949 2520 1016 2564 esse
1047 2498 1191 2564 monuit:
1224 2498 1345 2583 optime
1375 2497 1461 2562 enim
1491 2495 1536 2561 sic
1576 2527 1578 2529 ·

341 2622 512 2706 utrumque
541 2620 661 2684 crimen
693 2623 726 2685 et
755 2623 896 2685 staturae
919 2620 1024 2685 breuis
1047 2623 1080 2685 et
1101 2619 1184 2686 fusci
1207 2619 1322 2685 coloris
1344 2620 1421 2704 (uss.
1447 2616 1533 2682 35-

342 2743 399 2829 38)
423 2742 586 2826 quaternis
609 2741 743 2807 refutari
765 2742 927 2820 uersibus,
951 2730 1100 2826 recteque
1123 2764 1185 2806 uss.
1212 2741 1374 2807 338-348
1394 2740 1536 2825 corporis

340 2884 520 2929 mensnram
545 2885 678 2947 paruam
702 2885 773 2927 cnm
794 2886 893 2947 paruo
919 2863 1046 2952 Sappho
1071 2863 1199 2928 nomine
1223 2863 1400 2948 comparari
1421 2899 1462 2910 -
1483 2861 1534 2926 ni-

340 2985 457 3050 mirum
491 2989 622 3070 propter
657 2984 833 3050 antithesin
870 3006 944 3050 mox
975 2989 1161 3070 sequentem
1186 3023 1238 3050 -.
1286 2984 1407 3051 Statuit
1436 2984 1536 3068 igitur

340 3105 400 3173 Vir
431 3106 478 3173 01.
512 3108 569 3172 »in
599 3109 761 3172 communi
792 3109 964 3194 archetypo
993 3108 1158 3173 librarium
1182 3131 1200 3173 a
1223 3091 1329 3193 priore
1352 3108 1422 3173 colo
1449 3106 1533 3192 (348)

338 3233 472 3296 neminie
503 3233 573 3318 ipsa
600 3232 675 3316 fero
700 3231 800 3296 oculis
823 3231 984 3296 aberrasse
1008 3232 1049 3295 ad
1073 3231 1208 3296 alterum
1233 3231 1321 3316 (34),
1347 3251 1452 3295 errore
1475 3251 1532 3293 au-

338 3356 403 3417 tem
435 3352 656 3417 animaduerso
687 3352 843 3443 posterius
876 3352 1037 3418 distichon
1068 3354 1103 3417 in
1134 3353 1278 3437 margine
1311 3375 1329 3417 a
1355 3355 1532 3417 correctore

339 3497 406 3540 esse
439 3475 615 3539 adiectum:
651 3451 863 3539 correcturam
895 3498 961 3540 esse
991 3475 1187 3540 intellectam
1219 3475 1260 3540 ab
1292 3496 1329 3539 eo
1364 3474 1420 3559 qui
1455 3474 1532 3539 seri-

339 3597 455 3682 psisset
477 3597 522 3663 H.
547 3597 664 3662 codicis
688 3597 867 3682 exemplar;
892 3598 928 3662 in
952 3598 1022 3662 aliis
1046 3597 1211 3682 archetypi
1234 3596 1426 3682 apographis
1438 3596 1533 3661 modo

339 3717 400 3784 hoc
423 3721 519 3783 modo
542 3718 623 3783 illud
646 3716 806 3783 distichon
830 3718 933 3783 solum
958 3741 1025 3784 esse
1048 3718 1244 3803 receptum.”

385 3840 552 3905 Difficilior
586 3845 694 3905 tamen
729 3841 857 3906 uidetur
892 3841 970 3906 mihi
1003 3841 1218 3906 controuersia
1248 3863 1344 3926 quam
1376 3863 1458 3926 quae
1489 3841 1535 3905 sic

340 3962 491 4028 soluatur.
527 3960 657 4025 Etenim
686 3962 746 4027 etsi
770 3963 1006 4029 concedendum
1029 3966 1078 4028 est
1098 3963 1180 4028 illud
1204 3966 1236 4027 et
1259 3966 1399 4029 staturae
1422 3966 1455 4028 et
1478 3984 1533 4030 oo·

337 4083 415 4148 loris
446 4084 565 4148 crimen
596 4083 715 4168 optime
745 4084 879 4149 refutari
902 4087 1067 4170 quaternis
1089 4089 1258 4170 utrumque
1282 4086 1441 4164 uersibus,
1466 4093 1533 4150 n'on

264 4261 266 4266 .
337 4210 447 4270 tamen
479 4205 547 4270 ueri
577 4210 625 4270 est
656 4205 758 4271 simile
789 4210 917 4292 poetam
948 4209 983 4272 in
1007 4208 1130 4273 duobus
1153 4210 1219 4272 tam
1245 4211 1330 4273 arcte
1354 4207 1533 4272 coniunctis

338 4326 482 4392 distichis
513 4329 730 4411 pentametros
760 4328 942 4394 adhibuisse
974 4332 1102 4394 tantum
1133 4351 1200 4394 non
1228 4329 1364 4396 eosdem.
1400 4329 1533 4394 Versum

337 4471 412 4516 uero
438 4451 495 4515 348
518 4450 564 4514 ita
588 4449 760 4535 explicare,
786 4471 823 4515 ao
848 4450 874 4514 si
897 4455 1099 4535 comparetur
1121 4450 1227 4517 breuis
1250 4450 1388 4516 feminae
1408 4454 1533 4516 statura

337 4594 409 4638 cnm
430 4571 557 4661 Sappho
582 4572 726 4650 nomine,
751 4573 861 4658 paucis
886 4575 1013 4638 tantum
1037 4573 1153 4640 litteris
1176 4576 1360 4651 constante,
1387 4572 1532 4659 hocqui·
