3386 5346
606 1147 944 1229 PRAEFATIO.

709 1401 845 1413 ——-

226 1602 381 1666 Libellum
408 1605 658 1689 compositurus,
683 1625 746 1686 quo
772 1601 875 1686 spatio
899 1600 1077 1664 academico
1098 1602 1228 1662 decurso
1248 1597 1373 1660 littera·

181 1747 252 1788 rum
286 1725 383 1788 studii
419 1725 481 1789 mei
513 1726 702 1790 documenta
734 1724 873 1805 ederem,
906 1721 1054 1805 Sapphus
1086 1719 1264 1804 Epistulam
1295 1716 1375 1780 mihi

181 1845 300 1930 sumpsi
323 1850 533 1911 tractandam.
561 1846 608 1910 De
631 1846 771 1922 ratione,
797 1867 891 1928 quam
915 1843 999 1908 inter
1022 1841 1223 1907 scribendum
1248 1842 1374 1904 secutus

181 1988 268 2044 sum,
301 1967 378 2032 haec
402 1968 601 2051 potissimum
630 1969 865 2051 praemonenda
889 1965 1048 2028 uidentur.
1073 1961 1272 2045 Simulatque
1297 1981 1375 2044 opus

141 2090 142 2094 ’
181 2108 350 2171 aggressus
380 2111 449 2152 sum
478 2089 623 2153 intellexi
653 2091 727 2172 post
758 2088 919 2172 egregiam
952 2083 1160 2169 Comparettii
1184 2081 1375 2166 disputatio-

180 2230 254 2272 nem
286 2209 347 2274 hoc
377 2209 530 2296 inprimis
549 2209 628 2274 mihi
652 2232 718 2274 esse
742 2213 920 2294 agendum,
946 2212 983 2272 ut
1007 2207 1112 2271 dedita
1136 2227 1232 2290 opera
1256 2208 1376 2268 tracta-

182 2351 247 2393 rem
281 2352 350 2394 eam
379 2335 521 2415 partem,
555 2354 650 2416 quam
688 2332 741 2395 ille
773 2331 826 2394 Vir
861 2329 908 2396 Ol.
931 2332 968 2394 ut
992 2354 1010 2393 a
1033 2328 1196 2414 proposito
1220 2349 1278 2391 suo
1301 2326 1377 2390 alie·

189 2473 261 2515 nam
295 2452 469 2529 omisisset,
502 2453 534 2517 id
567 2456 615 2516 est
646 2461 683 2516 ut
713 2457 818 2516 textus
842 2451 1057 2516 recensionem
1082 2453 1206 2514 ederem
1231 2449 1325 2533 plena
1345 2451 1377 2512 et

182 2577 329 2638 accurata
361 2574 504 2639 codicum
534 2575 649 2638 notitia
673 2575 828 2638 innixam.
852 2572 936 2638 Nam
961 2594 1031 2636 cum
1058 2571 1179 2636 codices
1203 2574 1377 2634 ceterarum

183 2693 377 2771 Heroidum,
411 2717 492 2779 quae
525 2694 632 2759 Ouidii
664 2695 794 2760 nomine
818 2699 894 2759 sunt
916 2695 1107 2778 inscriptae,
1132 2715 1168 2757 ee
1191 2691 1377 2767 seueritate,

181 2837 277 2899 quem
310 2816 388 2880 haec
412 2820 521 2880 nostra
546 2820 632 2880 aetas
656 2817 804 2900 requirit,
830 2839 848 2878 a
874 2816 968 2880 uariis
992 2816 1123 2880 eruditis
1147 2815 1269 2880 excussi
1293 2815 1376 2891 sint,

182 2935 327 3020 neglecta
358 2936 424 3001 fere
455 2937 553 3001 iacuit
583 2937 731 3022 Sapphus
763 2937 915 3021 epistula,
942 2960 1013 3002 eum
1038 2936 1165 3021 quidem
1189 2935 1224 2999 in
1247 2936 1377 2999 modurn

184 3061 220 3122 ut
243 3059 350 3122 multis
374 3059 451 3124 locis
474 3060 509 3123 in
534 3060 630 3124 dubio
655 3081 852 3124 uersaremur
872 3059 949 3143 quid
973 3060 1007 3122 in
1033 3059 1163 3142 optimis
1186 3056 1274 3123 MSS.
1297 3059 1379 3122 esset

181 3181 346 3245 traditum.
381 3181 476 3246 Haud
508 3183 622 3247 inutile
651 3204 727 3266 ergo
759 3188 807 3247 est
831 3183 933 3246 uisum
957 3163 1080 3246 codices
1104 3181 1192 3267 illos,
1218 3185 1379 3266 quotquot

182 3304 308 3367 exstare
333 3304 570 3388 comperissem,
595 3326 705 3369 ornnes
729 3305 898 3389 diligenter
923 3305 1066 3369 conferre
1089 3307 1122 3367 et
1145 3305 1249 3368 uarias
1269 3325 1377 3367 eorum

182 3425 332 3489 lectiones
364 3429 404 3489 ad
436 3426 563 3510 singula
596 3426 751 3536 epistulae
777 3427 873 3490 uerba
896 3427 1058 3490 adnotare.
1082 3425 1157 3490 Mox
1181 3429 1285 3489 autern
1312 3426 1378 3488 uidi

184 3547 301 3611 multos
335 3569 440 3612 eorum
474 3548 520 3611 ita
552 3571 617 3612 esse
642 3551 808 3632 corruptos
831 3548 1042 3632 interpolatos
1066 3548 1255 3631 deprauatos
1278 3548 1314 3610 ut
1338 3545 1377 3609 ad

184 3672 307 3733 textum
340 3669 399 3734 rite
430 3670 689 3734 constituendum
721 3669 842 3734 nullius
873 3669 937 3744 fere
968 3668 1063 3752 pretii
1094 3670 1198 3732 essent
1226 3666 1374 3730 habendi.

183 3788 383 3874 Quapropter
416 3791 469 3854 diu
502 3792 701 3875 multumque
733 3791 889 3855 haesitaui
920 3794 1028 3854 utrum
1060 3789 1203 3853 omnium
1228 3788 1378 3851 omuibus

183 3911 261 3974 locis
286 3911 438 3976 lectiones
461 3933 688 3990 memorarem,
712 3935 753 3976 an
777 3913 925 3993 eligerem
950 3933 1002 3976 eos
1027 3911 1110 3975 solos
1133 3911 1188 3995 qui
1212 3910 1274 3974 fide
1286 3909 1377 3993 digni

183 4032 385 4110 uiderentur,
417 4037 538 4099 ceteros
566 4035 731 4099 abicerem.
756 4033 926 4098 Dubitanti
950 4037 1057 4097 tamen
1082 4033 1180 4097 satius
1204 4036 1252 4097 est
1275 4033 1377 4095 uisum

183 4174 293 4217 omues
325 4155 439 4232 citare,
472 4161 504 4220 et
533 4156 607 4240 quia
631 4155 851 4220 difficillimum
877 4159 925 4219 est
948 4158 1077 4218 modurn
1101 4155 1135 4217 in
1159 4153 1306 4237 eligendo
1329 4155 1375 4215 te-

183 4297 275 4352 nere,
297 4278 329 4338 et
348 4277 423 4360 quia
443 4277 610 4361 plerosque
631 4298 739 4341 eorum
762 4278 905 4342 codicum
919 4281 975 4340 aut
985 4298 1112 4361 prorsus
1125 4274 1308 4359 incognitos
1321 4275 1378 4336 aut

183 4419 296 4481 parurn
326 4402 472 4462 accurate
494 4398 654 4482 inspectos
675 4398 838 4474 uidebam,
863 4399 998 4482 ideoque
1021 4419 1132 4461 omnes
1156 4395 1277 4481 publici
1300 4394 1377 4457 iuris

184 4518 286 4584 facere
318 4542 399 4608 opus
432 4542 496 4584 non
525 4521 621 4608 plane
645 4543 912 4608 superuacaneum
937 4520 1100 4607 putabam.
1125 4518 1165 4582 Iu
1190 4515 1378 4601 colligendis
